|0000|006|1||B9ABDC2E640E76FD2DEC2C3FEB319AE3D1060BE09|01012023|31012023|Robinson William Robaski Ltda|09624855000168|RS|4320008||00|2|
|0001|0|
|0100|FELIPE PADOIN LENA|00275082008|079785O1RS||93230526|Balduino Menezes Dos Santos|145||Ipiranga|5134503492|5134503492|felipe@lecont.com.br|4320008|
|0110|1|1|1||
|0140|1099|Robinson William Robaski Ltda|09624855000168|RS|1320129495|4320008|||
|0150|10213|MERCADO E ACOUGUE POMIER LTDA|1058|04071261000315||0430155808|4307708||Rua DI CAVALCANTI|243||SANTO INACIO|
|0150|10278|DORI ALIMENTOS S.A.|1058|52123916003662||3820027140|4313375||Rua AMILTON DA SILVA AMORIM-COND.LOGISTICO ACORIANOS UND.|20||FLORESTA|
|0150|10784|JPM SUPERMERCADO EIRELI|1058|32613537000466||1320171955|4320008||Rua DONA JOSEFINA|362||CAPAO DA CRUZ|
|0150|10797|MERCADO J DE CONTO|1058|18267373000350||0570364906|4309209||Avenida LOS ANGELES|205||VERA CRUZ|
|0150|11112|VIDA VIVA SUPERMERCADOS LTDA|1058|28500342000351||1320172455|4320008||Rua NOSSA SENHORA DA CONCEICAO|935||CENTRO|
|0150|1115|DINAMO COM. E IND DE SAL LTDA|1058|29387740000104||0963722492|4314902||Rua VOLUNTARIOS DA PATRIA|2378||FLORESTA|
|0150|11823|MERCADO J DE CONTO LTDA|1058|18267373000431||1770244830|4303103||Rua ATLANTIDA|521||JARDIM BETANIA|
|0150|1189|ALI MAHMUD ALI MAHMUD LTDA|1058|08579139000143||0430150857|4307708||Rua VINTE E QUATRO DE AGOSTO|208||CENTRO|
|0150|11950|SUPERMERCADO E TRANSPORTADORA DO CHICO EIRELI|1058|35793062000182||1240331220|4318705||Rua ARISTIDES BARONIO|141||CAMPINA|
|0150|12130|ALINE DORNELES FARIAS DA SILVA MINIMERCADO|1058|37896972000116||1320166765|4320008||Rua VINTE E CINCO DE JULHO|1125||VARGAS|
|0150|1220|IND E COM DE PRODUTOS QUIMICOS TANGARA LTDA|1058|03242201000193||515079970115|3536703||Rodovia CMD JOAO RIBEIRO DE BARROS|S/N||DISTR GUAIANAS|
|0150|1223|ALEX SANDRO DA SILVA ME|1058|23250388000184||0430141424|4307708||Rua QUARAI|12||SAO JOSE|
|0150|12942|C.R. SUPERMERCADO LTDA|1058|30068410000720||0430158971|4307708||Rua JOAO FRANCISCO ALVES|97||TRES MARIAS|
|0150|13082|C R SUPERMERCADO LTDA|1058|30068410000801||0430159030|4307708||Avenida LINDOLFO COLLOR|221||PARQUE PRIMAVERA|
|0150|13386|C R SUPERMERCADO LTDA|1058|30068410000992||1320175616|4320008||Rua PRIMEIRO DE MAIO|790||CAPAO DA CRUZ|
|0150|13582|INDUSTRIA DE ERVA-MATE LAGO VERDE LTDA|1058|07624194000145||1970005952|4310306||LINHA GRAMADINHO|1500||INTERIOR|
|0150|13583|COMERCIO GENERO ALIMENTICIO VARGAS LTDA|1058|46978932000104||1320174075|4320008||DONA ECILDA|301||FREITAS|
|0150|13584|PAULA CRISTINA DA SILVA|1058|38168006000145|||4307708||Rua LUPICINIO RODRIGUES|368||SANTO INACIO|
|0150|13585|IMPISA IND. ARTEFATOS DE PAPEL LTDA.|1058|87976130000142||1770043451|4303103||Rua CAI|760||VILA PRINCESA IZABEL|
|0150|13586|MERCADO E ACOUGUE POMIER LTDA|1058|04071261000404||0430155891|4307708||Avenida JOAO PAULO I|841||SANTO INACIO|
|0150|13588|ARLEI DA SILVA DE AZEVEDO|1058|22477585000178|||4309209||Rua PIRELLI|50||SITIO GAUCHO|
|0150|13589|MERCADO J. DE CONTO LTDA|1058|18267373000512||1770247324|4303103||Rua QUERO-QUERO (VL N CANARINHO)|36||NOVA ESPERANCA|
|0150|13590|COM VAR E ATAC DE ALIM ALIANDRO LTDA|1058|31626329000196||1770234699|4303103||Avenida ESTADOS UNIDOS|268||PARQUE MARECHAL RONDON|
|0150|13591|Madrugada Alimentos Ltda. - Matriz|1058|98586662000190||1550002284|4322608||Rodovia RSC-|453||Vila Rica|
|0150|13592|CLAUDIR SILVA DE SOUZA|1058||99448661053||4309209||Rua ALCEU WAMOSY|146||NOSSA CHACARA|
|0150|13594|FOSFOREIRA BRASILEIRA LTDA|1058|78141926000194||2170040980|4110706||Avenida GETULIO VARGAS|264||CENTRO|
|0150|13595|NOVOPLAST INDUSTRIA DE SACOS LTDA|1058|48144342000101||0860558177|4313409||Rua IBIRUBA|730||VILA NOVA|
|0150|1402|CONSERVAS ODERICH SA|1058|97191902000518||1280046357|4319505||Avenida OSVALDO ARANHA|1118||VILA RICA|
|0150|145|MERCADO POSTRINGER E POSTRINGER LTDA ME|1058|00916352000191||0430126280|4307708||Avenida RIO BRANCO|366||NOVO ESTEIO|
|0150|146|A WINKEL HORTIFRUTIGRANJEIROS - ME|1058|12245126000105||1320137269|4320008||Rua HENRIQUE DIAS|379||SANTA CATARINA|
|0150|1569|DILMAIR CARNEIRO DOS SANTOS|1058|01296941000187||0430075014|4307708||AZALEIA|579||PARQUE PRIMAVERA|
|0150|1578|CRISTIANE DA SILVA THOME COSTA-ME|1058|17948937000196||1320147450|4320008||Rua DO PASSEIO|429||PASQUALINI|
|0150|1580|ADI GEL IND COM PRODUTOS ALIMENTICOS LTDA|1058|93952331000102||1650053700|4300604||Rua ANITA GARIBALDI|311||AMERICANA|
|0150|1584|SEPAC SERRADOS E PASTA DE CELULOSE LTDA|1058|75655720000194||3040018017|4113908||Avenida DOS TRABALHADORES|2678||VILA CAROLINE|
|0150|172|COMERCIO DE DOCES BOA VISTA EIRELI|1058|08866958000171||2000024992|4310801||Rua SANTO ANTONIO|242||MORADA DO SOL|
|0150|1755|SABAO IMPERIAL LTDA.|1058|96738216000128||1240002715|4318705||Rua JACY PORTO|828||VICENTINA|
|0150|1769|MARIA DE LOURDES FLECK|1058|11251522000182||1320135088|4320008||Rua SILVEIRA MARTINS|462||CAPAO DA CRUZ|
|0150|1842|NEILAR IND E COM DE ALIMENTOS LTDA|1058|80996556000119||251723666|4214805||Estrada BOA ESPERENCA|565||FUNDO CANOAS|
|0150|195|M A DA S SOUZA ME|1058|20538845000142||1140090256|4317608||Rua RUBENS VICENTE DAS NEVES|11495||SEGUNDO DISTRITO|
|0150|2127|RABONI IND E COM DE PROD E LIMPEZA LTDA|1058|02975994000197||1240179372|4318705||Rua GOITACAZ|226||SANTOS DUMONT|
|0150|2168|ART LINE COMERCIO DE EMBALAGENS PLASTICAS EIRELI|1058|01455222000161||336536915116|3518800||Avenida PROJECTA|629||CUMBICA|
|0150|2208|BM3 IMPORTACAO E EXPORTACAO LTDA|1058|12098843000151||256119597|4207304||Avenida LEVY RAMOS MARTINS|SN||NOVA BRASILIA|
|0150|2282|WV SUPERMERCADO|1058|32772991000117||1320162891|4320008||Rua MARIANO CANTO|130||JARDIM|
|0150|2413|JPM SUPERMERCADO EIRELI|1058|32613537000113||1320162875|4320008||Rua ULISSES GUIMARAES|65||BOA VISTA|
|0150|2547|ROMANI SA INDUSTRIA E COMERCIO DE SAL|1058|76491836001250||1180065500|4118204||Avenida BENTO ROCHA|437||DOM PEDRO II|
|0150|2868|LIBREPLAST INDUSTRIA E COMERCIO DE PLASTICOS LTDA|1058|10237146000109||255674180|4211702||Rodovia SC|108|KM 329|SAO GERONIMO|
|0150|2907|ZAMBONI E ROCHA LTDA|1058|10942651000154||1320133271|4320008||VINTE E CINCO DE JULHO|404||VARGAS|
|0150|3342|MERCADO J DE CONTO LTDA|1058|18267373000199||1770202134|4303103||Avenida ESTADOS UNIDOS|218||PARQUE MARECHAL RONDON|
|0150|3938|AMCDION COMERCIO DE BEBIDAS LTDA|1058|10806098000122||0570273005|4309209||Rua JOAO MARIA DA FONSECA|469||CENTRO|
|0150|4053|A.B.MORAIS - MERCADO - EIRELI|1058|23731750000139||1320155186|4320008||Rua IVOTI|385||VARGAS|
|0150|4128|GICELI APARECIDA LOPEZ|1058|30108952000194||1240312382|4318705||Rua ERMELINDO VARNIERI|13||DUQUE DE CAXIAS|
|0150|4236|JORGE SCHARFF MERCADO|1058|24751853000123||1240301984|4318705||Rua FERNANDO RIBEIRO DE CASTRO|602||DUQUE DE CAXIAS|
|0150|424|RODRIGO MENGER|1058|07833977000139||1320120080|4320008||CORONEL THEODOMIRO PORTO DA FONSECA|1979||VL IPIRANGA|
|0150|425|C E SAO JORGE SUPERMERCADOS LTDA|1058|09581270000108||1320129061|4320008||JUSTINO CAMBOIM|711||CAMBOIM|
|0150|426|MERCADO SAO JORGE CLAUTERIO BACKES EIRELI|1058|11275820000102||1320134472|4320008||Avenida CORONEL THEODOMIRO PORTO DA FONSECA|2190||IPIRANGA|
|0150|428|C.R SUPERMERCADO LTDA|1058|30068410000135||0430146663|4307708||Avenida LINDOLFO COLLOR|830||PARQUE PRIMAVERA|
|0150|431|SEVERGNINI E SEGA LTDA - ME|1058|03280359000158||1320114471|4320008||ALFREDO SCHARLAU|367||COHAB|
|0150|432|JACY SILVA DE FREITAS - ME|1058|90072547000195||1320051925|4320008||HENRIQUE DIAS|297||SANTA CATARINA|
|0150|4338|TOMAFEL IND EMBAL PLAST EIRELI|1058|07427039000139||1310112778|4319901||Rua DUQUE DE CAXIAS|95||CENTRO|
|0150|438|COM DE ALIMENTOS FROZZA LTDA|1058|09537646000187||1320128707|4320008||JOAO PEREIRA DE VARGAS|1605||CAMBOIM|
|0150|442|SUPERMERCADO E PADARIA SCHIMITZ E VANZELLA LTDA|1058|03424310000121||1320090645|4320008||Avenida BORGES DE MEDEIROS|1430||COLONIAL|
|0150|447|R.S. FOLTZ LTDA|1058|11402045000109||1320135746|4320008||AMERICO VESPUCIO|541||NOVA SAPUCAIA|
|0150|4986|VENANCIO DE JESUS GONCALVES FAGUNDES|1058|94555588000193||0430057199|4307708||Avenida GARCIA LORCA|22||SANTO INACIO|
|0150|5078|C R SUPERMERCADO EIRELI|1058|30068410000216||1320165327|4320008||Avenida LUIZ PASTEUR|6462||WALDEREZ|
|0150|5099|DU DIGO DESCARTAVEIS LTDA|1058|05529038000170||0860342476|4313409||Avenida PEDRO ADAMS FILHO|1215||SANTO AFONSO|
|0150|5478|ACOUGUE E MINI MERCADO ESTANCIA LTDA|1058|16765287000180||1320165823|4320008||Rua PROFESSOR FRANCISCO BROCHADO DA ROCHA|77||CENTRO|
|0150|643|COMERCIAL WEISSHEIMER LTDA|1058|04664920000165||0430092318|4307708||Avenida CELINA CHAVES KROEFF|415||NOVO ESTEIO|
|0150|644|MARCO AURELIO WEIDE - ME|1058|05961975000108||1320112118|4320008||JOAO CANDIDO|297||PIRATINI|
|0150|6521|SUPERMERCADO BORGES E CIVA EIRELI|1058|30049818000240||1320166730|4320008||Rua RODRIGUES ALVES|402||DIHEL|
|0150|719|J STRUGALSKI MINIMERCADO|1058|28899522000196||1320169942|4320008||Rua CELESTINO FRANCO COUTINHO|34||LOMBA DA PALMEIRA|
|0150|7578|SINANDRO FANOR DECKER EIRELI|1058|35441772000143||0430150334|4307708||Rua SANTANA|983||OLIMPICA|
|0150|777|ROLEPLAST IND COM MAQ EMB LTDA|1058|00870163000125||0860535509|4313409||Rua GUIA LOPES|1335||SANTO AFONSO|
|0150|779|L S MINIMERCADO E MERCEARIA LACERDA LTDA|1058|01023369000182||1320076421|4320008||Rua RAPOSO TAVARES|155||VARGAS|
|0150|7838|R.S FOLTZ LTDA|1058|11402045000290||1320168318|4320008||Avenida ALFREDO SCHARLAU|570||COHAB|
|0150|844|COMERCIAL DE ALIMENTOS LAJEADENSE LTDA (REDEFORT)|1058|00373663000151||1320072787|4320008||SAO CAETANO|514||VL VARGAS|
|0150|8633|ACOUGUE E PADARIA M E C LTDA|1058|41491222000131||1320168881|4320008||Rua MANOEL SERAFIM|1275||CENTRO|
|0150|8747|GUILHERME MICHEL RODRIGUES|1058|30738877000145||1320161267|4320008||Rua ROSINHA JOAQUINA DA SILVEIRA|1124 FRENT||VARGAS|
|0190|CT|CTT|
|0190|CX|CXX|
|0190|DIS|DISP|
|0190|DP|DISPLAY|
|0190|DZ|DZ12|
|0190|FD|FARDO|
|0190|KG|KG1|
|0190|PA|PAT|
|0190|PC|PCT|
|0190|PCT|PCTE|
|0190|PEN|PEN|
|0190|PT|PTE|
|0190|UN|UNID|
|0190|UND|UND1|
|0200|1001|COROTE MORANGO 500ML|7896547501154||Un|00|22060090||22|||
|0200|100807|POP FRUTA 160 X 25 GR GOIABA|17896706302445||CX|00|21069010||21|||
|0200|105687|COQUETEL COROTE CANELINHA 12X5|17896547501373||Dz|00|22060090||22|||
|0200|116785|CHA MADRUGADA MACA 10/1,5GR|7896277200280||CX|00|08133000||08|||
|0200|116899|POP FRUTA 160 X 25 GR GUARANA|17896706301936||CX|00|21069010||21|||
|0200|120597|FARINHA DE AVEIA 12 X 150 GR|17896706304043||CX|00|11029000||11|||
|0200|12116|SAL PIRATA 15 X 1|27896314501183||FD|00|25010020||25|||
|0200|12118|SAL SALAZIR 15 X 1|17896314501193||FD|00|25010020||25|||
|0200|12119|SAL GROSSO TEMPERADO PIRATA 15 X 1|37896314500145||FD|00|21039091||21|||
|0200|12245|GRANULADO CHOCOLATE DORI 30X70G|17896058501565||CX|00|18069000||18|||
|0200|12351|QUEROSENE FLOPS PET 12X500ML|||CX|00|27101919||27|||
|0200|131646|SACOLA REC SOU ECO 40X50 2,5KG VERDE|||FD|00|39232190||39|||
|0200|136451|COMPOSTO ERVA-MATE MADRUGADA 500GR|7896277200815||PT|00|09030090||09|||
|0200|14241|ERVILHA E MILHO ODERICH 24/200g (FD3)|17896041160106||FD|00|20059900||20|||
|0200|14244|CATCHUP BISNAGA ODERICH 24/200g (CX)|17896041172505||CX|00|21032010||21|||
|0200|14245|CATCHUP BISNAGA ODERICH 24/400g (CX)|17896041172536||CX|00|21032010||21|||
|0200|14248|MOSTARDA BISNAGA ODERICH 24/190g (CX)|17896041172703||CX|00|21033021||21|||
|0200|14249|MOSTARDA PICANTE ODERICH 24/190g (CX)|17896041172802||CX|00|21033021||21|||
|0200|14252|PESSEGOS ESPECIAL ODERICH 12/450g (CX)|17896041171515||CX|00|20087010||20|||
|0200|159273|AGUA SANITARIA ACTUALY 1 L c/ 12|||pct|00|28289019||28|||
|0200|16984|ALCOOL ETILICO HIDRATADO INSTITUCIONAL FLOPS (96GL) 92,8 INPM 12X500ML|||CX|00|22071090||22|||
|0200|17269|CATCHUP KETDOG 12 X 200G|7897106800022||CX|00|21032010||21|||
|0200|17270|MOSTARDA MOSTARDOG 12 X 200G|7897106800053||CX|00|21033021||21|||
|0200|17291|PAPEL TOALHA STYLUS 12 X 2 C/24 ROLOS 50 TOALHAS 20,5CM P/ ROLO|17896026800751||FD|00|48189090||48|||
|0200|2011|ALCOOL 1 LITRO 70 % FLOPS|7898288820877||Un|00|38089429||38|||
|0200|2014|ALCOOL FLOPS 1L 92|7898288821133||Un|00|22071090||22|||
|0200|2016|ALCOOL FLOPS 500ML 92|7898288820020||Un|00|22071010||22|||
|0200|2023|BATATA PALHA 70GR SANTA JUSTINA|7898316310455||Un|00|20052000||20|||
|0200|2025|BATATA PALHA KEVYTOS 70GR|7898049781140||Un|00|20059900||20|||
|0200|2026|CACHACA 51 965ML|7896002100014||Un|00|22084000||22|||
|0200|2030|CACHACA VELHA CARRETA 500ML|7898217720469||Un|00|22084000||22|||
|0200|2031|CANA 7 CAMPOS 966ML|17896044794605||Un|00|22084000||22|||
|0200|2041|COCKTAIL VODKA KISLLA BIG APPLE VD 890ML|7898422676858||Un|00|22060090||22|||
|0200|2042|COCKTAIL VODKA KISLLA BLUE BERRY VD 890ML|7898422677060||Un|00|22060090||22|||
|0200|2043|COCKTAIL VODKA KISLLA MARACUJA VD 890ML|7898422676803||Un|00|22060090||22|||
|0200|2044|COCKTAIL VODKA KISLLA RED FRUITS VD 890ML|7898422676810||Un|00|22060090||22|||
|0200|2045|COCKTAIL VODKA KISLLA VD 890ML|7898422670160||Un|00|22060090||22|||
|0200|2062|COROTE BLUE 500ML|7896547501277||Un|00|22060090||22|||
|0200|2063|COROTE CANELINHA 500ML|7896547501376||Un|00|22060090||22|||
|0200|2064|COROTE LIMAO 500ML|7896547501444||Un|00|22060090||22|||
|0200|2066|COROTE MENTA 500ML|7896547501390||Un|00|22060090||22|||
|0200|2068|COROTE PESSEGO 500ML|7896547501161||Un|00|22060090||22|||
|0200|2069|COROTE TUTTI FRUTTI 500ML|7896547501406||Un|00|22060090||22|||
|0200|206906|SACOLA REC SOU ECO 30X45 1,8KG VERDE|||FD|00|39232190||39|||
|0200|2072|ICE KISLLA BIG APPLE VD 275ML|||Un|00|22060090||22|||
|0200|207212|POP FRUTA 160 X 25 GR ABACAXI C HORTELA|17896706304524||CX|00|21069010||21|||
|0200|207213|POP FRUTA 160 X 25 GR LIMONADA SUICA|17896706304531||CX|00|21069010||21|||
|0200|2074|ICE KISLLA BLUE VD 275ML|||Un|00|22060090||22|||
|0200|2078|ICE KISLLA LIMAO VD 275ML|7898422677992||Un|00|22060090||22|||
|0200|2079|ICE KISLLA MARACUJA VD 275ML|||Un|00|22060090||22|||
|0200|2080|ICE KISLLA RED FRUITS VD 275ML|||Un|00|22060090||22|||
|0200|2081|COQUETEL ALCOOLICO LIMAO 95 500ML|7898217720520||Un|00|22060090||22|||
|0200|2086|VINHO BRANCO SECO IMPERIO 1,4L|||Un|00|22041090||22|||
|0200|2091|VINHO BRANCO SUAVE IMPERIO 1,4L|7898959399367||Un|00|22041090||22|||
|0200|2097|VINHO TINTO SECO DELGRANO 1480ML|27897015200450||Un|00|22042100||22|||
|0200|2099|VINHO TINTO SECO IMPERIO 1,4L|7898959399039||Un|00|22041090||22|||
|0200|2106|VINHO TINTO SUAVE IMPERIO 1,4L|7898959399145||Un|00|22041090||22|||
|0200|2108|VINHO TINTO SUAVE PET JACARE 1,45L|7897422905302||Un|00|22042211||22|||
|0200|2112|VODKA WALESA 966ML|7896044795025||Un|00|22086000||22|||
|0200|2134|BOBINA PLASTICA 10KG MB 35X49CM|||Un|00|39232190||39|||
|0200|2144|BOBINA PLASTICA 1KG MB 17X31CM|||Un|00|39232190||39|||
|0200|2148|BOBINA PLASTICA 2KG MB 21X31CM|||Un|00|39232190||39|||
|0200|2154|BOBINA PLASTICA 3KG MB 23,5X35CM|||Un|00|39232190||39|||
|0200|215938|P - ROLO ALUMINIO 30CMX4M|17898546006606||CX|00|76071190||76|||
|0200|215939|P - ROLO ALUMINIO 45CMX4M|17898546006613||CX|00|76071190||76|||
|0200|2163|BOBINA PLASTICA 5KG MB 28X41CM|||Un|00|39232190||39|||
|0200|2167|BOBINA PLASTICA 5KG RECICLADA MB|||Un|00|39232190||39|||
|0200|2175|BOBINAO PLASTICO 10KG BAIXA MB|||KG|00|39232190||39|||
|0200|2183|BOBINAO PLASTICO 5KG BAIXA MB|||Un|00|39232190||39|||
|0200|2185|CAPA DE FARDO 50X80X0,07 - ROLEPLAST|||Un|00|39232190||39|||
|0200|2190|AVEIA EM FLOCOS 200 GR|17896706304050||Un|00|11041200||11|||
|0200|220129|1805 - TOUCA TNT SANFONADA 100UN/PCT|17898546005579||CX|00|63079010||63|||
|0200|224694|ALFAJOR PREMIUM BLACK C/ 18|7898948041390||DIS|00|19059020||19|||
|0200|2248|CHA MADRUGADA CAMOMILA 1GR|7896277200136||Un|00|12119090||12|||
|0200|2263|CHA MATE 81 MACA C/ CANELA|||Un|00|09030090||09|||
|0200|2277|CHA MADRUG. ABACAXI HORTELA 10/1,5GR|||CX|00|21069090||21|||
|0200|2280|CHA MADRUGADA FRUTAS VERMELHAS 1,5G|7896277203052||Un|00|21069090||21|||
|0200|229157|AGUA SANITARIA ACTUALY 5 L|||Un|00|28289019||28|||
|0200|2301|ACHOCOLATADO TOK 400GR|7898236720181||Un|00|18069000||18|||
|0200|230182|AGUA SANITARIA ACTUALY 2 L c/ 6|||pct|00|28289019||28|||
|0200|2302|AGUA SANITARIA ACTUALY 1L|7898172920027||Un|00|28289011||28|||
|0200|2303|AGUA SANITARIA ACTUALY 2L|7898172920201||Un|00|28289019||28|||
|0200|2304|AGUA SANITARIA ACTUALY 5L|7898172920270||Un|00|28289019||28|||
|0200|2312|CHOCOLATE EM PO NEILAR|7896706300895||Un|00|18061000||18|||
|0200|2317|DESINFETANTE ACTUALY 2LT LAVANDA|7898172920157||Un|00|34012090||34|||
|0200|2341|SIDRA FIRE PREMIUM RED FRUITS 660ML|7897422905647||Un|00|22060010||22|||
|0200|2347|CACHACA ADOCADA VELHO BARREIRO TRADICIONAL 910 ML|7896050200124||Un|00|22084000||22|||
|0200|2352|AMIDO DE MILHO TOK-ZENA 200GR|7898236720990||Un|00|11081200||11|||
|0200|2353|AMIDO DE MILHO TOK-ZENA 500GR|7898236720983||Un|00|11081200||11|||
|0200|2354|BANDEJA EPS MOD. FR03 TAM. 18X 24 X1,5CM|7898947038193||Un|00|39239090||39|||
|0200|236216|GRANULADO CONFEITO COLORIDO DORI 30X70G|17896058599999||CX|00|17049020||17|||
|0200|2369|FAROFA DE MANDIOCA ROCHA CALABRESA 250GR|7896655403074||Un|00|19019090||19|||
|0200|2371|FAROFA DE MANDIOCA ROCHA TRADICIONAL 250GR|7896655401407||Un|00|19019090||19|||
|0200|2373|INSETIC ESPIRAL ALLADIN C/ 10|7896582100893||Un|00|38089119||38|||
|0200|2387|POLVILHO AZEDO ROCHA 400GR|7896655403050||Un|00|11081400||11|||
|0200|2388|POLVILHO DOCE ROCHA 400GR|7896655403067||Un|00|11081400||11|||
|0200|2392|SAGU ROCHA 400GR|7896655401438||Un|00|19030000||19|||
|0200|2393|TEMPERO + SABOR CARNE NEILAR 50GR|7896706304213||Un|00|21039021||21|||
|0200|2396|SOPAO NEILAR CARNE 200GR|17896706303992||Un|00|21041011||21|||
|0200|2397|TAPIOCA ROCHA 500GR|7896655400639||Un|00|19030000||19|||
|0200|2402|VELA SANDERO N.4 BRANCA (18G)|7896366401406||Un|00|34060000||34|||
|0200|2405|VELA SANDERO 7 DIAS BRANCA (235G)|7896366407804||Un|00|34060000||34|||
|0200|2406|VELA SANDERO 7 DIAS - 7 CORES (235G)|7896366413324||CX|00|34060000||34|||
|0200|2409|VELA SANDERO 7 DIAS AZUL (235G)|7896366407811||Un|00|34060000||34|||
|0200|240908|GELATINA 48 X 20 GR ABACAXI|||CX|00|21069029||21|||
|0200|2410|VELA SANDERO 7 DIAS BR/PR (235G)|7896366407996||CX|00|34060000||34|||
|0200|2411|VELA SANDERO 7 DIAS BR/VM (235G)|7896366407910||CX|00|34060000||34|||
|0200|2412|VELA SANDERO 7 DIAS LARANJA (235G)|7896366407880||CX|00|34060000||34|||
|0200|2413|VELA SANDERO 7 DIAS PR/VM (235G)|7896366407965||CX|00|34060000||34|||
|0200|2414|VELA SANDERO 7 DIAS PRETA (235G)|7896366407866||CX|00|34060000||34|||
|0200|2415|VELA SANDERO 7 DIAS RO/BR/AZ (235G)|7896366413348||CX|00|34060000||34|||
|0200|2416|VELA SANDERO 7 DIAS ROSA (235G)|7896366407859||Un|00|34060000||34|||
|0200|2418|VELA SANDERO 7 DIAS VD/BR/VM (235G)|7896366413287||Un|00|34060000||34|||
|0200|242869|GELATINA 48 X 20 GR BLUEBERRY|||CX|00|21069029||21|||
|0200|2429|COPO 400ML TRANSP. C/50|7896322701533||Un|00|39241000||39|||
|0200|2444|ESFREGAO DE ACO TIRA C/ 36|7897698100609||PEN|00|48232099||48|||
|0200|2445|FILTRO P/ BOMBA CHIMARRAO C/20|7898922426892||CT|00|39241000||39|||
|0200|2446|FILTRO PARA CAFE PERMANENTE MOKA 102|7896325620015||Un|00|63079010||63|||
|0200|2448|COADOR DE PANO PARA CAFE|7898994933601||Un|00|63079090||63|||
|0200|2449|ENERGETICO BALY 2L TRADICIONAL|7898080662668||Un|00|22029900||22|||
|0200|2452|ENERGETICO RED HORSE 400ML|7898422677114||Un|00|22029900||22|||
|0200|245258|PAPEL MANTEIGA GOURMET 30CMX4M|17898546007238||CX|00|48062000||48|||
|0200|2453|ENERGETICO RED HORSE 1LT|||Un|00|22029900||22|||
|0200|2454|ENERGETICO RED HORSE 2LT|7898422676544||Un|00|22029900||22|||
|0200|2464|ERVILHA E MILHO ODERICH 200GR|17896041160106||Un|00|20059900||20|||
|0200|2469|MILHO VERDE ODERICH 200G|17896041156017||Un|00|20058000||20|||
|0200|2470|PEPINO EM CONSERVA CAMILA 300GR|7898609480100||Un|00|20011000||20|||
|0200|2481|OVO DE CODORNA CAMILA 290GR|7898609480285||Un|00|04089900||04|||
|0200|248518|COQ COROTE MELANCIA 500ML 12X|||CX|00|22086000||22|||
|0200|2487|ERVA MATE MADRUGADA COMPOSTO 500GR|7896277200815||PT|00|09030090||09|||
|0200|2488|ERVA MATE MADRUGADA COMPOSTO CASCARITA 500GR|7896277200938||Un|00|09030090||09|||
|0200|2491|ERVA MATE MADRUGADA MOIDA GROSSA 1KG|7896277202048||Un|00|09030090||09|||
|0200|2496|ERVA MATE 87 1KG NATIVA|||Un|00|09030090||09|||
|0200|2502|ERVA MATE 87 500GR TRADICIONAL|||Un|00|09030090||09|||
|0200|2505|ERVA MATE LAGO VERDE COMPOSTA 500GR|7898917844267||Un|00|09030090||09|||
|0200|2506|ERVA MATE LAGO VERDE COMPOSTA MENTA 500G|7898917844311||Un|00|09030090||09|||
|0200|2507|ERVA MATE LAGO VERDE GROSSA 500GR|7898917844090||Un|00|09030090||09|||
|0200|2508|ERVA MATE LAGO VERDE NATIVA 500GR|7898917844021||Un|00|09030090||09|||
|0200|2509|ERVA MATE LAGO VERDE SOLTA C/5KG|||FD|00|09030090||09|||
|0200|2510|ERVA MATE LAGO VERDE SUAVE 500GR|7898917844113||Un|00|09030090||09|||
|0200|2511|ERVA MATE MADRUGADA 1KG TRADICIONAL|7896277200013||Un|00|09030090||09|||
|0200|2515|ERVA MATE LAGO VERDE SOLTA C/10KG|7898917844038||FD|00|09030090||09|||
|0200|2516|ERVA MATE ROSAMATE SOLTA C/10KG|||FD|00|09030090||09|||
|0200|2524|ERVA MATE LAGO VERDE GROSSA 1 KG|7898917844083||Un|00|09030090||09|||
|0200|2525|ERVA MATE LAGO VERDE NATIVA 1 KG|7898917844014||Un|00|09030090||09|||
|0200|2527|ERVA MATE LAGO VERDE SUAVE 1 KG|7898917844076||Un|00|09030090||09|||
|0200|2529|ERVA MATE MADRUGADA MOIDA GROSSA 500G|7896277202024||Un|00|09030090||09|||
|0200|2530|ERVA MATE MADRUGADA TRADICIONAL 500G|7896277200020||Un|00|09030090||09|||
|0200|2531|ERVA MATE MADRUGADA PURA FOLHA 500GR|7896277200082||PT|00|09030090||09|||
|0200|2532|ERVA MATE PURA FOLHA LAGO VERDE SOLTA C/10KG|7898917844045||FD|00|09030090||09|||
|0200|2537|ETIQUETA 40X40 C/6|||PT|00|48211000||48|||
|0200|2546|ETIQUETA TERMICA 80X30|||Un|00|49119900||49|||
|0200|2548|FARINHA DE MILHO GROSSA MARAVILHOSA 1KG|7898104541139||Un|00|11022000||11|||
|0200|2556|FERMENTO MONOPOL 100GR POTE|7898236720198||Un|00|21023000||21|||
|0200|2557|FERMENTO MONOPOL 50X11GR|7898236720037||CX|00|21023000||21|||
|0200|2559|FERMENTO TOK 125GR|7898236720082||Un|00|21021090||21|||
|0200|2560|FERMENTO TOK 30X10GR|7898236720044||CX|00|21021090||21|||
|0200|2561|FERMENTO TOK 60X10GR|7898236720075||CX|00|21021090||21|||
|0200|2568|FILME PVC 28 CM X 10 CAIXINHA GUARUFILME|7898930535074||Un|00|39204390||39|||
|0200|257059|POP FRUTA 160 X 25 GR CAJU|17896706301943||CX|00|21069010||21|||
|0200|257060|POP FRUTA 160 X 25 GR JABUTICABA|17896706303848||CX|00|21069010||21|||
|0200|2579|BANDEJA EPS MOD. FR01 TAM. 15X15X1,5CM|7898947038018||Un|00|39239090||39|||
|0200|2580|BANDEJA EPS MOD. FR02 TAM. 14,5X21X1,5CM|7898947038070||Un|00|39239090||39|||
|0200|258556|ERVA-MATE 1 KG|7898917844014||Un|00|09030090||09|||
|0200|258557|ERVA-MATE 1/2 KG|7898917844021||Un|00|09030090||09|||
|0200|258558|ERVA-MATE MOIDA GROSSA 1 KG|7898917844083||Un|00|09030090||09|||
|0200|258559|ERVA-MATE MOIDA GROSSA 1/2 KG|7898917844090||Un|00|09030090||09|||
|0200|258560|ERVA-MATE COM ACUCAR 1 KG|7898917844076||Un|00|09030090||09|||
|0200|258561|ERVA-MATE COM CHA 1/2KG|7898917844267||Un|00|09030090||09|||
|0200|258562|ERVA-MATE COM MENTA 1/2KG|7898917844311||Un|00|09030090||09|||
|0200|258563|ERVA-MATE A GRANEL 10 KG|||KG|00|09030090||09|||
|0200|258564|SACOLA T VD 40X50 2,5KG Codigo de Barras: 07898952342537|7898952342537||FD|00|39232190||39|||
|0200|258565|SACOLA T VD 30X45 C/ 1,8KG Codigo de Barras: 07898952342896|7898952342896||FD|00|39232190||39|||
|0200|258566|SACOLA SOU ECO 38x48 C/500UN CREME|||FD|00|39232190||39|||
|0200|258567|SACOLA PLAST.FN 38X48 VRD|||FD|00|39232190||39|||
|0200|258568|SACOLA PLAST.FN 30X40CM VRD|||FD|00|39232190||39|||
|0200|258569|BALY 2 L PET X 6UN|||PC|00|22029900||22|||
|0200|258570|ENERG BALY TROPICAL 2 LT 6X2LT|||FD|00|22011000||22|||
|0200|258571|BALY BRASIL MELANCIA 2L|7898080664426||PC|00|22029900||22|||
|0200|258572|BALY 2 L PET X 6UN MACA VERDE|||PC|00|22029900||22|||
|0200|258573|BALY BRASIL 473 ML|7898080663733||PC|00|22029900||22|||
|0200|258574|BALY PESSECO COM MORANGO LATAO|7898080665003||Un|00|22029900||22|||
|0200|258575|BALY MELANCIA 473ML|7898080664402||Un|00|22029900||22|||
|0200|258576|BALY TANGERINA|7898080664891||PC|00|22029900||22|||
|0200|258577|BALY BRASIL MACA VERDE 473 ML|7898080664587||PC|00|22029900||22|||
|0200|258578|BALY BRASIL TROPICAL 473ML|7898080664273||PC|00|22029900||22|||
|0200|258579|BALY BRASIL ACAI 475|7898080664693||PC|00|22029900||22|||
|0200|258580|BALY CITRUS|7898080665065||PC|00|22029900||22|||
|0200|258581|ENERGETCO BALY COCO E ACAI LAT|7898080664396||PC|00|22029900||22|||
|0200|258587|SACOLA PLASTICA BIO 25X35 SUPER C/1000 - CLASSE B/CX|7898117691777||CX|00|39232190||39|||
|0200|258588|PACOCA ROLHA IVOTI 52GR C/22|7897730002090||DIS|00|20079990||20|||
|0200|258589|GUARD. BRANKITO CREP. 20CM X22CM  FD C/5000 UNID|7898018320400||FD|00|48183000||48|||
|0200|258590|TOALHA INT IMPISA PREMIUM 20 CM X20CM C/1000 UNID|7898018377572||pct|00|48182000||48|||
|0200|258591|TOALHA ROLO BRANKITO 21 CM X19 CM C/1320 UNID|7898018371877||FD|00|48183000||48|||
|0200|258688|P - ROLO ALUMINIO 30CMX7,5M|17898546006620||CX|00|76071190||76|||
|0200|258783|PACOCA DE AMENDOIM D 1X12X22UNX1,100KG|||CX|00|17039000||17|||
|0200|258784|ERVA-MATE MADRUGADA 500G|7896277200020||PT|00|09030090||09|||
|0200|258785|ERVA-MATE MADRUG. M. GROSSA 500G|7896277202024||PT|00|09030090||09|||
|0200|258786|COMPOSTO MADRUGADA CASCARITA 500GR|7896277200938||PT|00|09030090||09|||
|0200|258787|ERVA-MATE MADRUG. MOIDA GROSSA 1KG|7896277202048||PT|00|09030090||09|||
|0200|258788|CHA MADRUGADA ERVA-DOCE 10/1,5G|7896277200181||CX|00|09096210||09|||
|0200|258789|CHA MADRUGADA CAMOMILA 10/1GR|7896277200136||CX|00|12119090||12|||
|0200|258790|ENERG BALY PESSEGO/MOR 2 LT|||PC|00|22011000||22|||
|0200|258791|BALY COCO COM CCAI 2L|7898080664365||PC|00|22029900||22|||
|0200|258796|Fosforo Parana Madeira Eco 40 c/10 (6x20)|17896080912049||FD|00|36050000||36|||
|0200|258797|Fosforo Parana Longo Eco 200 Forno&Fogao (10x15)|17896080915057||CX|00|36050000||36|||
|0200|258798|Palitos de Dente Parana Bambu c/100 un. (20x25)|17896080901449||CX|00|44219100||44|||
|0200|258799|PE DE MOLEQUE PEZAO 270GR|7897537600086||und|00|20081900||20|||
|0200|2588|MISTURA BOLO SABOR CENOURA TOK 400GR|7898236721683||Un|00|19012000||19|||
|0200|258800|SACO P/ LIXO 100 LTS 75 X 106 X 0038 PRETO C/ 5 UN - ROLO|||PA|00|39232190||39|||
|0200|258841|FILM EMB.ALM TUBETE 28 CM X 10 M 35|7898930535074||Un|00|39204390||39|||
|0200|258842|FILM EMB.ALM TUBETE 28 CM X 15 M 35|7898930535128||Un|00|39204390||39|||
|0200|258843|SACO P/ LIXO 100 LTS 75 X 106 X 0038 PRETO C/ 5 UN|||PA|00|39232190||39|||
|0200|258844|SACO P/ LIXO 30 LTS 59 X 63 X 0027 PRETO C/ 10 UN|7890300361061||PA|00|39232190||39|||
|0200|258845|SACO P/ LIXO 30 LTS 59 X 63 X 0027 PRETO C/ 10 UN - ROLO|||PA|00|39232190||39|||
|0200|258846|SACO P/ LIXO 50 LTS 63 X 81 X 0027 PRETO C/ 10 UN - ROLO|||PA|00|39232190||39|||
|0200|258847|SACO P/ LIXO 50 LTS 63 X 81 X 0027 PRETO C/ 10 UN|||PA|00|39232190||39|||
|0200|2589|MISTURA BOLO SABOR CHOCOLATE TOK 400GR|7898236720105||Un|00|19012000||19|||
|0200|2590|MISTURA BOLO SABOR COCO TOK 400GR|7898236720051||Un|00|19012000||19|||
|0200|2592|MISTURA BOLO SABOR LARANJA TOK 400GR|7898236720129||Un|00|19012000||19|||
|0200|2595|BARBECUE BISNAGA ODERICH 200G|17896041172673||Un|00|21032010||21|||
|0200|2598|CATCHUP BISNAGA ODERICH 200G|17896041172505||Un|00|21032010||21|||
|0200|2599|CATCHUP BISNAGA ODERICH 400G|17896041172536||Un|00|21032010||21|||
|0200|2600|CATCHUP PICANTE ODERICH 200GR|7896041172607||Un|00|21032010||21|||
|0200|2608|MAIONESE BISNAGA ODERICH 170G|7896041190014||Un|00|21039011||21|||
|0200|2611|MAIONESE STAND UP ODERICH 200G|17896041190271||Un|00|21039011||21|||
|0200|2613|MOLHO DE TOMATE TRADICIONAL FUGINI 300GR|27897517206080||Un|00|21032010||21|||
|0200|2617|MOSTARDA BISNAGA ODERICH 190G|17896041172703||Un|00|21033021||21|||
|0200|2619|MOSTARDA PICANTE ODERICH 190G|17896041172802||Un|00|21033021||21|||
|0200|2624|GUARDANAPO BRANKITO 20X22 C/20|7898018320097||FD|00|48183000||48|||
|0200|2625|PAPEL P/ SALGADO BRANCO 40X22 C/500|||pct|00|48194000||48|||
|0200|2627|PAPEL TOALHA BRANKITO 21X19|7898018371877||Un|00|48183000||48|||
|0200|2629|TOALHA DE PAPEL INTERCALADA BRANCO PREM IMPISA 20X20CM - C/1.000|7898018377572||pct|00|48182000||48|||
|0200|2631|PAPEL PADARIA MANILHINHA 3KG|||FD|00|48024090||48|||
|0200|2632|PAPEL MANTEIGA GOURMET VABENE 30CMX4M|17898546007238||Un|00|48062000||48|||
|0200|2635|PAPEL PEDRAS BRANCAS 3 KG|||CX|00|48024090||48|||
|0200|2648|COPO TERMICO 180ML BRANCO C/25 NACIONAL DART|041594206621||Un|00|39241000||39|||
|0200|2649|MOP BRUXINA 190 MARLY|7898369580089||Un|00|96039000||96|||
|0200|2653|EMB. QUAD. C/TP ARTIC. P13 14.5X14.5X9CM PPLAST|||Un|00|39239090||39|||
|0200|2655|EMBALAGEM PLASTICA P56|||Un|00|39159000||39|||
|0200|2656|EMB. PET CRISTAL B. PRETA P70M 35.5X25.5X11CM PPLAST|||Un|00|39239090||39|||
|0200|2666|POTE REDONDO C/TP ART. P640 150ML SOBREMESA PPLAST|||Un|00|39239090||39|||
|0200|2667|EMBALAGEM PLASTICA P65|||Un|00|39159000||39|||
|0200|2671|POTE TRANSPARENTE 100ML C/100|7896322701335||Un|00|39239090||39|||
|0200|2672|POTE TRANSPARENTE 200ML C/50|||Un|00|39239090||39|||
|0200|2673|POTE TRANSPARENTE LISO 200ML C/50|7896322700697||Un|00|39239090||39|||
|0200|2675|POTE TRANSPARENTE 300ML C/50|7896322701106||Un|00|39239090||39|||
|0200|2679|TAMPA P/COPO TERMICO 180ML BRANCO C/100|||Un|00|96170010||96|||
|0200|2680|TAMPA POTE 200/250/150/400|7896322700192||Un|00|39235000||39|||
|0200|2681|TAMPA TRANSPARENTE POTE 100ML C/100|7896322700758||Un|00|39235000||39|||
|0200|2692|BRIGADEIRO DE LEITE CONDENSADO BOA VISTA 50G C/20|7898948041451||Un|00|19019090||19|||
|0200|2699|FOUDANT DE LEITE BOA VISTA 50 GR C/20|7898948041147||Un|00|19019020||19|||
|0200|2701|PACOCA BIG ROLHA IVOTI 52GR C/22|7898948041208||Un|00|20079990||20|||
|0200|2706|RAPADURA TORRAO DE AMENDOIM BOA VISTA 80GR C/20|||Un|00|20079990||20|||
|0200|2709|TORRAO IDEAL POTE C/22 (PACOCA AMENDOIM)|7898957059133||Un|00|17039000||17|||
|0200|2727|SACOLA REC. 30X40 SOU ECO VERDE C/ 1,8KG|||CX|00|39232190||39|||
|0200|2740|SACOLA REC. 40X50 SOU ECO VERDE 2,5KG|||FD|00|39232190||39|||
|0200|2743|SACOLA REC. 50X60 SOU ECO VERDE 4KG|||FD|00|39232190||39|||
|0200|2746|SACOLA BIOPLUS 38X48 BRANCA CX C/800|7898696810064||CX|00|39232110||39|||
|0200|2747|SACOLA BIOPLUS 48X58 BRANCA CX C/ 800 PLAMER|7898696810125||CX|00|39232110||39|||
|0200|2766|SACOLA BRANCA NINUS PARA PAO 40X50 C/800|||CX|00|39232190||39|||
|0200|2785|SACOLA REC. 38X48 BEGE - MB C/700|||FD|00|39232190||39|||
|0200|2786|SACOLA REC. 38X48 BEGE - MB C/500|||FD|00|39232190||39|||
|0200|2800|SACOLA REC. AMARELA 30X45 NINUS C/ 1,8KG|7898952342896||CX|00|39232190||39|||
|0200|2803|SACOLA REC. AMARELA 40X50 NINUS C/2,5 KG|7898952342537||FD|00|39232190||39|||
|0200|2805|SACOLA VIP 30X40 BRANCA CX COM 1.000 UN PLAMER|7898696810002||CX|00|39232110||39|||
|0200|2807|SACOLA VIP 38X48 BRANCA CX C/1000 - PLAMER|||CX|00|39232110||39|||
|0200|2810|SALSICHA VIENA ODERICH 180GR|7896041110012||Un|00|16010000||16|||
|0200|2811|GELATINA BLUEBERRY NEILAR 30 GR|7896706303711||Un|00|21069029||21|||
|0200|2812|GELATINA LIMAO NEILAR 30 GR|7896706301137||Un|00|21069029||21|||
|0200|2813|GELATINA ABACAXI NEILAR|17896706301110||Un|00|21069029||21|||
|0200|2814|GELATINA MARACUJA NEILAR 30GR|7896706301175||Un|00|21069029||21|||
|0200|2815|GELATINA AMORA NEILAR 30 GR|7896706303728||Un|00|21069029||21|||
|0200|2816|GELATINA CEREJA NEILAR 30 GR|7896706301168||Un|00|21069029||21|||
|0200|2817|GELATINA FRAMBOESA NEILAR 30 GR|7896706301151||Un|00|21069029||21|||
|0200|2818|GELATINA MORANGO NEILAR|7896706301120||Un|00|21069029||21|||
|0200|2829|GELATINA SEM SABOR MADRUGADA 8GR|7896277202499||Un|00|21069029||21|||
|0200|2833|GELATINA PESSEGO NEILAR 30GR|17896706301189||Un|00|21069029||21|||
|0200|2834|GELATINA UVA NEILAR 20GR|7896706301144||Un|00|21069029||21|||
|0200|2837|GELATINA MORANGO ZERO NEILAR 12 GR|7896706301991||Un|00|21069029||21|||
|0200|2838|PUDIM 50 GR CHOCOLATE NEILAR|17896706300427||Un|00|21069021||21|||
|0200|2839|PUDIM BAUNILHA NEILAR|7896706300376||Un|00|21069021||21|||
|0200|2840|PUDIM CARAMELO NEILAR|17896706300410||Un|00|21069021||21|||
|0200|2851|SUCO POP FRUTA ABACAXI 25GR - DP C/20|7896706303223||DP|00|21069010||21|||
|0200|2852|SUCO POP FRUTA GUARANA 25GR - DP C/20|7896706304268||DP|00|21069010||21|||
|0200|2853|SUCO POP FRUTA LARANJA 25GR - DP C/20|7896706303230||DP|00|21069010||21|||
|0200|2854|SUCO POP FRUTA LIMAO 25GR - DP C/20|7896706303247||DP|00|21069010||21|||
|0200|2855|SUCO POP FRUTA MANGA 25GR - DP C/20|7896706303292||DP|00|21069010||21|||
|0200|2856|SUCO POP FRUTA MARACUJA 25GR - DP C/20|7896706303254||DP|00|21069010||21|||
|0200|2857|SUCO POP FRUTA MELANCIA 25GR - DP C/20|7896706304183||DP|00|21069010||21|||
|0200|2858|SUCO POP FRUTA MIX DE FRUTAS 25GR - DP C/20|7896706303261||DP|00|21069010||21|||
|0200|2859|SUCO POP FRUTA MORANGO 25GR - DP C/20|7896706303308||DP|00|21069010||21|||
|0200|2860|SUCO POP FRUTA PERA 25GR - DP C/20|7896706303360||DP|00|21069010||21|||
|0200|2861|SUCO POP FRUTA PESSEGO 25GR - DP C/20|17896706301813||DP|00|21069010||21|||
|0200|2862|SUCO POP FRUTA TANGERINA 25GR - DP C/20|7896706303278||DP|00|21069010||21|||
|0200|2863|SUCO POP FRUTA UVA 25GR - DP C/20|7896706303285||DP|00|21069010||21|||
|0200|2865|SUCO POP FRUTA CAJU 25GR - DP C/20|7896706303322||DP|00|21069010||21|||
|0200|2866|SUCO POP FRUTA GOIABA 25GR - DP C/20|7896706303339||DP|00|21069010||21|||
|0200|2869|SUCO POP FRUTA JABUTICABA 25GR - DP C/20|7896706304190||DP|00|21069010||21|||
|0200|2894|ALUMINIO 30CM X 4 METROS|17898546006606||Un|00|76071190||76|||
|0200|2895|ALUMINIO 30CM X 7,5 METROS|||Un|00|76071990||76|||
|0200|2896|PAPEL ALUMINIO 45CM X 4 M VABENE|17898546006613||Un|00|76071190||76|||
|0200|2898|CORDA PARA VARAL REF.05|7896749302306||Un|00|76071990||76|||
|0200|2900|ESPETO BAMBU 30CM PARANA C/50|17896080900640||Un|00|44219100||44|||
|0200|2904|LUVA VINIL VABENE C/PO G C/100UN|17898546001182||Un|00|39262000||39|||
|0200|2905|LUVA VINIL VABENE C/PO M C/100UN|17898546001175||Un|00|39262000||39|||
|0200|2906|LUVA VINIL VABENE C/PO GG C/100UN|17898546002806||Un|00|39262000||39|||
|0200|2908|LUVA VINIL VABENE S/PO P C/100UN|||Un|00|39262000||39|||
|0200|2909|LUVA VINIFLEX VABENE M C/ 100UN|17898546001144||Un|00|39262000||39|||
|0200|2918|PALITOS DE DENTE MENTA 12 FRASCO DE 250 UN. PARANA|17896080900077||DP|00|44219900||44|||
|0200|2919|PALITOS DE DENTE PARANA BAMBU 25CX DE 100 UN.|17896080901449||DP|00|44219100||44|||
|0200|2926|TOUCA TNT VABENE C/12UN|||Un|00|65069900||65|||
|0200|2975|VELA SANDERO 7 DIAS AZUL/BRANCA 235GR|||Un|00|34060000||34|||
|0200|2988|VINAGRE DE ALCOOL WINNA 500ML TRADICIONAL|7896407500365||Un|00|22090000||22|||
|0200|2990|VINAGRE DE ALCOOL WINNA 750ML TRADICIONAL|7896407500358||Un|00|22090000||22|||
|0200|2994|SAL SALAZIR 1 KG FINO|7896314501196||Un|00|25010020||25|||
|0200|2995|SAL PIRATA 1KG GROSSO|7896314501189||Un|00|25010020||25|||
|0200|2996|SAL PIRATA TEMPERADO GROSSO 1KG|7896314500144||Un|00|21039091||21|||
|0200|2998|FAROFA DE MANDIOCA ROCHA SUAVE 250GR|7896655401414||Un|00|19019090||19|||
|0200|3000|SACOLA TOP 30X40 BRANCA CX COM 1.000 UN PLAMER|7898696810231||CX|00|39232110||39|||
|0200|3022|BISCOITO MARIA CHOCOLATE 300GR|7898406230724||Un|00|19053100||19|||
|0200|30329|POP FRUTA 160 X 25 GR TANGERINA|17896706300731||CX|00|21069010||21|||
|0200|30330|POP FRUTA 160 X 25 GR SALADA DE FRUTAS|17896706300724||CX|00|21069010||21|||
|0200|30331|POP FRUTA 160 X 25 GR MELANCIA|17896706303831||CX|00|21069010||21|||
|0200|30332|POP FRUTA 160 X 25 GR MARACUJA|17896706300717||CX|00|21069010||21|||
|0200|30333|POP FRUTA 160 X 25 GR MANGA|17896706300922||CX|00|21069010||21|||
|0200|30334|POP FRUTA 160 X 25 GR LIMAO|17896706300700||CX|00|21069010||21|||
|0200|3037|FARINHA DE AVEIA NEILAR 170GR|7896706304046||Un|00|11029000||11|||
|0200|3038|CANJAO GALINHA NEILAR 200GR|7896706304015||Un|00|21041011||21|||
|0200|3070|FOSFORO PARANA GIGANTE ECO 50|17896080900282||Un|00|36050000||36|||
|0200|3072|CORDA PARA VARAL REF.07|7896749302320||Un|00|76071990||76|||
|0200|3075|SACO DE LIXO 100LT JUNIOR 0,6|7898916500164||Un|00|39232190||39|||
|0200|3076|SACOLA TOP 38X48 BRANCA CX. C/ 1000 - PLAMER|||CX|00|39232190||39|||
|0200|3081|PRENDEDOR DE ROUPA PLASTICO C/12 PRIMAVERA|7896080901497||Un|00|39249000||39|||
|0200|30893|ERVILHA ODERICH 24/200g|17896041154013||FD|00|20054000||20|||
|0200|30894|CATCHUP SACHET ODERICH 200/8g|7896041172553||CX|00|21032010||21|||
|0200|30895|MOSTARDA SACHET ODERICH 200/7g|7896041172737||CX|00|21033021||21|||
|0200|30902|MAIONESE SACHET ODERICH 200/8g|7896041190311||CX|00|21039011||21|||
|0200|30967|PAPEL HIGIENICO FOLHA SIMPLES PALOMA PERFUMADO 16 X 4 C/64 ROLOS DE 30M|17896026838259||FD|00|48181000||48|||
|0200|3112|VINHO TINTO SUAVE 750 ML CANCAO|37896780900197||Un|00|22042100||22|||
|0200|3117|PRATO DESCARTAVEL 15CM BRANCO C/10|17898904062107||Un|00|39241000||39|||
|0200|3136|QUEIJO RALADO FINO DA SERRA 40G|7898365030144||Un|00|04062000||04|||
|0200|3158|PAPEL TOALHA STYLUS 50 FOLHAS - PACOTE 2 UNID|17896026800751||Un|00|48189090||48|||
|0200|3168|VITAMINE DE MORANGO 400G (PO DE PREPARO BEBIDA DE MORANGO)|||Un|00|17029000||17|||
|0200|3177|SACO DE LIXO 100LT LIX FLEX C/5 UNID ALMOFADA|7898953033496||Un|00|39232190||39|||
|0200|3178|LUVA VINIFLEX VABENE P C/ 100UN|||Un|00|39262000||39|||
|0200|3179|COPO DESCARTAVEL 180ML BRANCO C/100 ABNT IBRAS|||Un|00|39241000||39|||
|0200|3180|COPO DESCARTAVEL 200ML BRANCO C/100 ABNT IBRAS|||Un|00|39241000||39|||
|0200|3181|COPO DESCARTAVEL 300ML BRANCO C/100 ABNT IBRAS|||Un|00|39241000||39|||
|0200|3203|BOBINA MULTIDOBRA 30X39 AC PLAST C/500|||Un|00|39232190||39|||
|0200|3206|SACO DE LIXO 15 LT LIX FLEX C/20 UNID ALMOFADA|||Un|00|39232190||39|||
|0200|3207|SACO DE LIXO 30 LT LIX FLEX C/10 UNID ALMOFADA|||Un|00|39232190||39|||
|0200|3208|SACO DE LIXO 50LT LIX FLEX C/10 UNID ALMOFADA|||Un|00|39232190||39|||
|0200|3211|BEBIDA ALCOOLICA XIRU 800ML|||Un|00|22084000||22|||
|0200|3215|LUVA VINIFLEX VABENE G C/ 100UN|||Un|00|39262000||39|||
|0200|3216|LUVA VINIFLEX VABENE GG C/ 100UN|||Un|00|39262000||39|||
|0200|3220|PRENDEDOR DE ROUPA MADEIRA C/12 PRIMAVERA|7897824712898||Un|00|44219900||44|||
|0200|3221|CACHACA VELHA CARRETA 800 ML|||Un|00|22084000||22|||
|0200|3236|PLASTICO FILME LUSAFILM. R 105 380X09X800|7898287716812||Un|00|39204390||39|||
|0200|3245|SACO DE LIXO 100LT LIX FLEX PRETO C/ 5 - ROLO|||Un|00|39232190||39|||
|0200|3248|SACO DE LIXO 50LT LIX FLEX PRETO C/10 - ROLO|||Un|00|39232190||39|||
|0200|3270|DESINFETANTE ACTUALY 2LT FLORAL|7898172920119||Un|00|34012090||34|||
|0200|3272|VELA SANDERO 7 DIAS MARRON 235GR|||Un|00|34060000||34|||
|0200|3278|GRANULADO COLORIDO NEILAR 100GR|||Un|00|17049020||17|||
|0200|3280|SABAO IMPERIAL COCO JUNIOR 200GR|||Un|00|34011900||34|||
|0200|3281|SABAO IMPERIAL CLASSICO 300GR|||Un|00|34011900||34|||
|0200|3283|SABAO IMPERIAL GLICERINA JUNIOR 200GR|||Un|00|34011900||34|||
|0200|3284|SABAO IMPERIAL AZUL INDIVIDUAL 200GR|||Un|00|34011900||34|||
|0200|3286|PAPEL HIGIENICO FOLHA DUPLA DUETTO NEUTRO 30M C/4|17896026850145||Un|00|48181000||48|||
|0200|3292|GRANULADO CHOCOLATE DORI 70GR|||Un|00|18069000||18|||
|0200|3299|CANJICA DE MILHO BRANCA MARAVILHOSA 400GR|||Un|00|11042300||11|||
|0200|3305|MILHO PIPOCA PREMIUM MARAVILHOSA 400GR|||Un|00|10059090||10|||
|0200|3309|BALA DE BANANA INDIA PCT 600GR|||Un|00|17049020||17|||
|0200|3321|SAL DIANA REFINADO 1 KG|||Un|00|25010020||25|||
|0200|3322|SAL CHURRASCO DIANA 1 KG|||Un|00|25010020||25|||
|0200|3327|SUCO POP FRUTA LIMONADA SUICA 25GR DP C/20|||DP|00|21069010||21|||
|0200|3328|SUCO POP FRUTA ABACAXI C/ HORTELA 25GR DP C/20|||DP|00|21069010||21|||
|0200|3334|ETIQUETA 60X30 C/4|||PT|00|48211000||48|||
|0200|3341|DETERGENTE GOTA LIMPA MACA 500ML|17896540900302||Un|00|34025000||34|||
|0200|3342|DETERGENTE GOTA LIMPA LIMAO 500ML|07896540900329||Un|00|34025000||34|||
|0200|3343|DETERGENTE GOTA LIMPA NEUTRO 500ML|17896540900333||Un|00|34025000||34|||
|0200|3344|DETERGENTE GOTA LIMPA CRISTAL 500ML|17896540900326||Un|00|34025000||34|||
|0200|3347|BALA DE MENTA PIETROBON 600 GR|||pct|00|17049020||17|||
|0200|3358|COCO RALADO ADOCADO COCO BOM 50G|||Un|00|08011900||08|||
|0200|3359|LEITE DE COCO COCO BOM 200ML|||Un|00|20098990||20|||
|0200|3363|REMOVEDOR DE ESMALTE A BASE DE ACETONA 80ML BELEZA DA AMAZONIA|||Un|00|29141100||29|||
|0200|3369|COPO DESCART TRANSP 300 ML PP C/50 COPOZAN|||Un|00|39241000||39|||
|0200|3375|FARINHA DE MILHO MEDIA SILOTI 1KG|7896470800539||Un|00|11022000||11|||
|0200|3376|FLOCAO DE MILHO SILOTI 500GR|7896470800294||Un|00|11041900||11|||
|0200|3385|TAMPA TRANSP. COPO PP/PS 250-300-330ML C/50UN COPOZAN|||Un|00|39235000||39|||
|0200|3390|SARDINHA C/OLEO DE SOJA PALMEIRA 125G|7896117100350||Un|00|16041310||16|||
|0200|3407|MASCARA TNT TRIPLA C/ ELASTICO VABENE C/50|||Un|00|63079010||63|||
|0200|3412|SACOLA PLASTICA RECICLADA PACK LIFE 30X40 1,8 KG VERDE CAIXA|||CX|00|39232190||39|||
|0200|3415|SACOLA 38X48 PACK LIFE C/700 CREME FARDO|||FD|00|39232190||39|||
|0200|3424|QUEIJO RALADO TUPY 40GR|||Un|00|04062000||04|||
|0200|3429|PUDIM LEITE CONDENSADO NEILAR 30GR|||Un|00|21069021||21|||
|0200|3430|PUDIM CHOCOLATE NEILAR 30GR|||Un|00|21069021||21|||
|0200|3432|PUDIM MORANGO NEILAR 30GR|||Un|00|21069021||21|||
|0200|3433|PUDIM CARAMELO NEILAR 30GR|||Un|00|21069021||21|||
|0200|3434|PUDIM COCO NEILAR 30GR|||Un|00|21069021||21|||
|0200|3438|BOBINAO PLASTICO 03 KG PLUS ROLEPLAST|||Un|00|39232190||39|||
|0200|3439|BOBINAO PLASTICO 05 KG PLUS ROLEPLAST|||Un|00|39232190||39|||
|0200|3443|BANDEJA EPS MOD. FR02 ABSORV. PRETA TAM. 21,5X14X2CM|||Un|00|39239090||39|||
|0200|3444|BANDEJA EPS MOD. FR02 ABSORV. AMARELA TAM. 21,5X14X2CM|||Un|00|39239090||39|||
|0200|3450|BANDEJA EPS MOD. FR04AB ROSA TAM. 15X27,5X2CM|||Un|00|39239090||39|||
|0200|3459|VELA SANDERO 7 DIAS VERMELHA 235 GR|||Un|00|34060000||34|||
|0200|3460|VELA SANDERO 7 DIAS AMARELA 235 GR|||Un|00|34060000||34|||
|0200|3462|EMBALAGEM ECO. RETANG. ARTIC. V10 VIERPACK|||Un|00|39239090||39|||
|0200|3463|EMBALAGEM ECO. RETANG. ARTIC. V13 VIERPACK|||Un|00|39239090||39|||
|0200|3465|EMBALAGEM ECO. RETANG. ARTIC. V20 VIERPACK|||Un|00|39239090||39|||
|0200|3466|SACOLA REEXT. 30X40 1,7KG VERDE MULTICOLOR LIPLAST|||pct|00|39232190||39|||
|0200|3467|SACOLA REEXT. 40X50 2,5KG VERDE MULTICOLOR LIPLAST|||pct|00|39232190||39|||
|0200|3468|SACOLA REEXT. 47X57 4,0KG VERDE MULTICOLOR LIPLAST|||pct|00|39232190||39|||
|0200|3470|EMB. RET. C/TP ART. PP08 16X9X4.8CM PPLAST|||Un|00|39239090||39|||
|0200|3475|VELA SANDERO 7 DIAS VR/BR/PR 235G|||Un|00|34060000||34|||
|0200|3479|SACOLA REC. 38X48 BEGE - NINUS C/500|||FD|00|39232190||39|||
|0200|38482|PCT 5 PANOS 30X50CM AZUL|17898546005425||CX|00|56039220||56|||
|0200|39967|SABAO IMPERIAL GLICERINA JUNIOR 40 X 200 GR|27896289620018||CX|00|34011900||34|||
|0200|40060|MAIONESE BISNAGA ODERICH 24/170g|17896041190011||CX|00|21039011||21|||
|0200|46772|POP FRUTA 160 X 25 GR UVA|17896706300748||CX|00|21069010||21|||
|0200|46773|POP FRUTA 160 X 25 GR LARANJA|17896706300694||CX|00|21069010||21|||
|0200|47135|PRATO 15CM BRANCO 500 UN CX C/ 50 PCT C/10 UN CADA|17898904062107||CX|00|39241000||39|||
|0200|47136|PRATO 15CM AZUL 500 UN CX C/ 50 PCT C/10 UN CADA|17898904062169||CX|00|39241000||39|||
|0200|47137|PRATO 15CM ROSA 500 UN CX C/ 50 PCT C/10 UN CADA|17898904062176||CX|00|39241000||39|||
|0200|47138|PRATO 21CM BRANCO 500 UN CX C/ 50 PCT C/10 UN CADA|17898904062183||CX|00|39241000||39|||
|0200|47139|PRATO 26CM BRANCO 250 UN CX C/ 25 PCT C/10 UN CADA|17898904062190||CX|00|39241000||39|||
|0200|47524|TORRAO DE AMENDOIM 80G C/20|||DIS|00|20079990||20|||
|0200|47525|ALFAJOR IVOTI 45GR C/ 18|||DIS|00|19059020||19|||
|0200|47526|COCADA BRANCA IVOTI 55G C/20|7898948044179||DIS|00|20081100||20|||
|0200|47529|PE DE MOCA 50GR C/20|||DIS|00|20081100||20|||
|0200|50412|PAPEL HIGIENICO FOLHA SIMPLES PALOMA PERF. CAMOMILA 16 X 4 C/64 ROLOS DE 30M|17896026838549||FD|00|48181000||48|||
|0200|50806|FARDO SAL REFINADO 10/1 DIANA 34183 Lote Embalagem: 30.01.05|17896027910015||FD|00|25010020||25|||
|0200|51235|SABAO IMPERIAL CLASSICO 40 X 300 GR|27896289640054||CX|00|34011900||34|||
|0200|54057|FOUDANT DE LEITE 50GR C/20 BOA VISTA|7897704300405||DIS|00|19019020||19|||
|0200|54542|BARBECUE BISNAGA ODERICH 24/200g (CX)|17896041172673||CX|00|21032010||21|||
|0200|67899|BRIGADEIRO DE LEITE COND BOA VISTA 50GR C/20|7898948041444||und|00|19019090||19|||
|0200|70029|MOLHO DE ALHO ADIGEL 12 X 900ML|7897106800572||FD|00|21039091||21|||
|0200|70032|MOLHO DE PIMENTA ADIGEL 12 X 140ML|7897106800435||FD|00|21039091||21|||
|0200|70201|CHOCOLATE EM PO CX 24 X 200 GR|17896706303503||CX|00|18061000||18|||
|0200|70202|AVEIA EM FLOCOS 12 X 150 GR|17896706304050||CX|00|11041200||11|||
|0200|70203|AVEIA EM FLOCOS FINOS 12 X 150 GR|17896706304067||CX|00|11041200||11|||
|0200|80645|COQUETEL COROTE BLUEBERRY 12X5|17896547501274||Dz|00|22060090||22|||
|0200|80646|COQ COROTE TUTTI FRUTTI 12X500|17896547501403||Dz|00|22060090||22|||
|0200|80647|COQUETEL COROTE PESSEGO 12X500|17896547501168||Dz|00|22060090||22|||
|0200|80648|COQUETEL COROTE LIMAO 12X500 M|17896547501175||Dz|00|22060090||22|||
|0200|80649|COQUETEL COROTE MARACUJA 12X50|17896547501267||Dz|00|22060090||22|||
|0200|80650|CACHACA COROTE 12X500 ML PET|27896547500083||Dz|00|22060090||22|||
|0200|86708|COQUETEL COROTE MORANGO 12X500|17896547501151||Dz|00|22060090||22|||
|0200|86709|COQUETEL COROTE MENTA 12X500 M|17896547501397||Dz|00|22060090||22|||
|0200|93169|POP FRUTA 160 X 25 GR ABACAXI|17896706300687||CX|00|21069010||21|||
|0200|93170|POP FRUTA 160 X 25 GR MORANGO|17896706301806||CX|00|21069010||21|||
|0200|93171|POP FRUTA 160 X 25 GR PERA|17896706302841||CX|00|21069010||21|||
|0200|93172|POP FRUTA 160 X 25 GR PESSEGO|17896706301813||CX|00|21069010||21|||
|0200|94969|TEMPERO A BASE DE SAL FINO SALAZIR 15 X 1|17896314501254||FD|00|21039091||21|||
|0200|97492|MOLHO BARBECUE BARBEDOG 12 X 200G|7897106801937||CX|00|21039091||21|||
|0400|1102000|Compra para comercialização|
|0400|1403000|Compra para comercialização em operação com mercadoria sujeita ao regime de substituição tributária|
|0400|2102000|Compra para comercialização|
|0400|2403000|Compra para comercialização em operação com mercadoria sujeita ao regime de substituição tributária|
|0400|5102000|Venda de mercadoria adquirida ou recebida de terceiros|
|0400|5405000|Venda de mercadoria adquirida ou recebida de terceiros em operação com mercadoria sujeita ao regime de substituição tributária, na condição de contribuinte substituído|
|0400|5910000|Remessa em bonificação, doação ou brinde|
|0400|6202000|Devolução de compra para comercialização|
|0400|6411000|Devolução de compra para comercialização em operação com mercadoria sujeita ao regime de substituição tributária|
|0450|1|Pedido(s):35300;Vendedor:VENDAS;SAPUCAIA DO SUL - RS;|
|0450|10|Pedido(s):35389;Vendedor:VENDAS;SAPUCAIA DO SUL - RS;Aplicado " Diferimento parcial de 29,41176% do valor da operacao conformeLivroIII,TituloI, CapituloI, Secao II,Art.1oKdo RICMS.;|
|0450|100|Pedido(s):35957;Vendedor:VENDAS;SAPUCAIA DO SUL - RS;RICMS/RS - LIVRO I, ARTIGO 23, INCISO LX, ALINEA "B"; LIVRO I, ARTIGO 27, INCISO V E APENDICE I, SECAO II. ;|
|0450|101|PEDIDO N.:003296ORDEM COMPRA:00000000000000COD/NOME REPRES:010091 COD.CLIENTE:027796NOME FANTASIA:CIA DO CHIMARRAOCOBRANCA:Bloqueto Madrugada# - CST _20 - BASE DE CALCULO REDUZIDA CFE.LIVRO I,ART.23,INC.LX (RICMS). - CST_51 - Diferim.Parcial ICMS cfe.Livr|
|0450|102|Pedido(s):35951;Vendedor:VENDAS;SAPUCAIA DO SUL - RS;RICMS/RS - LIVRO I, ARTIGO 23, INCISO LX, ALINEA "B"; LIVRO I, ARTIGO 27, INCISO V E APENDICE I, SECAO II. ;|
|0450|103|Pedido(s):35928;Vendedor:VENDAS;SAPUCAIA DO SUL - RS;Aplicado " Diferimento parcial de 29,41176% do valor da operacao conformeLivroIII,TituloI, CapituloI, Secao II,Art.1oKdo RICMS.;RICMS/RS - LIVRO I, ARTIGO 23, INCISO LX, ALINEA "B"; LIVRO I, ARTIGO 27,|
|0450|105|Pedido(s):35732;Vendedor:VENDAS;SAPUCAIA DO SUL - RS;Aplicado " Diferimento parcial de 29,41176% do valor da operacao conformeLivroIII,TituloI, CapituloI, Secao II,Art.1oKdo RICMS.;RICMS/RS - LIVRO I, ARTIGO 23, INCISO LX, ALINEA "B"; LIVRO I, ARTIGO 27,|
|0450|106|Pedido(s):36037;Vendedor:VENDAS;SAPUCAIA DO SUL - RS;|
|0450|107|Pedido(s):35609;Vendedor:VENDAS;SAPUCAIA DO SUL - RS;Aplicado " Diferimento parcial de 29,41176% do valor da operacao conformeLivroIII,TituloI, CapituloI, Secao II,Art.1oKdo RICMS.;|
|0450|108|Pedido(s):35840;Vendedor:VENDAS;SAPUCAIA DO SUL - RS;RICMS/RS - LIVRO I, ARTIGO 23, INCISO LX, ALINEA "B"; LIVRO I, ARTIGO 27, INCISO V E APENDICE I, SECAO II. ;|
|0450|109|Pedido(s):35850;Vendedor:VENDAS;SAPUCAIA DO SUL - RS;RICMS/RS - LIVRO I, ARTIGO 23, INCISO LX, ALINEA "B"; LIVRO I, ARTIGO 27, INCISO V E APENDICE I, SECAO II. ;|
|0450|11|Pedido(s):35439;Vendedor:VENDAS;SAPUCAIA DO SUL - RS;RICMS/RS - LIVRO I, ARTIGO 23, INCISO LX, ALINEA "B"; LIVRO I, ARTIGO 27, INCISO V E APENDICE I, SECAO II. ;|
|0450|110|Pedido(s):35781;Vendedor:VENDAS;SAPUCAIA DO SUL - RS;Aplicado " Diferimento parcial de 29,41176% do valor da operacao conformeLivroIII,TituloI, CapituloI, Secao II,Art.1oKdo RICMS.;RICMS/RS - LIVRO I, ARTIGO 23, INCISO LX, ALINEA "B"; LIVRO I, ARTIGO 27,|
|0450|111|md5 : A9222D08D6E38AA06ED6877F2F9B3A54;|
|0450|112|Pedido(s):36028;Vendedor:VENDAS;SAPUCAIA DO SUL - RS;RICMS/RS - LIVRO I, ARTIGO 23, INCISO LX, ALINEA "B"; LIVRO I, ARTIGO 27, INCISO V E APENDICE I, SECAO II. ;VALOR APROXIMADO TRIBUTOS R$ 5,38 (1,37%) Fonte: IBPT;|
|0450|114|Pedido(s):35981;Vendedor:VENDAS;SAPUCAIA DO SUL - RS;L.III,ART.1-K.DIF. PARCIAL NAO ESPECIFICADO;Aplicado " Diferimento parcial de 29,41176% do valor da operacao conformeLivroIII,TituloI, CapituloI, Secao II,Art.1oKdo RICMS.;RICMS/RS - LIVRO I, ARTIGO 23,|
|0450|115|Pedido(s):35574;Vendedor:VENDAS;SAPUCAIA DO SUL - RS;RICMS/RS - LIVRO I, ARTIGO 23, INCISO LX, ALINEA "B"; LIVRO I, ARTIGO 27, INCISO V E APENDICE I, SECAO II. ;|
|0450|116|Pedido(s):35946;Vendedor:VENDAS;SAPUCAIA DO SUL - RS;Aplicado " Diferimento parcial de 29,41176% do valor da operacao conformeLivroIII,TituloI, CapituloI, Secao II,Art.1oKdo RICMS.;RICMS/RS - LIVRO I, ARTIGO 23, INCISO LX, ALINEA "B"; LIVRO I, ARTIGO 27,|
|0450|117|Pedido(s):35941;Vendedor:VENDAS;SAPUCAIA DO SUL - RS;|
|0450|118|Pedido(s):35948;Vendedor:VENDAS;SAPUCAIA DO SUL - RS;Aplicado " Diferimento parcial de 29,41176% do valor da operacao conformeLivroIII,TituloI, CapituloI, Secao II,Art.1oKdo RICMS.;RICMS/RS - LIVRO I, ARTIGO 23, INCISO LX, ALINEA "B"; LIVRO I, ARTIGO 27,|
|0450|119|Caso nao tenha recebido boleto entre contato conosco de forma antecipada atraves do e-mail financeiro@romani.com.br ou pelo telefone: 41-3207-3009. Para envio de notas fiscais de devolucao, enviar documento em PDF junto com XML para: devolucoes@romani.com|
|0450|12|Pedido(s):35288;Vendedor:VENDAS;SAPUCAIA DO SUL - RS;RICMS/RS - LIVRO I, ARTIGO 23, INCISO LX, ALINEA "B"; LIVRO I, ARTIGO 27, INCISO V E APENDICE I, SECAO II. ;|
|0450|120|Pedido(s):35758;Vendedor:VENDAS;SAPUCAIA DO SUL - RS;RICMS/RS - LIVRO I, ARTIGO 23, INCISO LX, ALINEA "B"; LIVRO I, ARTIGO 27, INCISO V E APENDICE I, SECAO II. ;|
|0450|121|Pedido(s):35946;Vendedor:VENDAS;SAPUCAIA DO SUL - RS;Aplicado " Diferimento parcial de 29,41176% do valor da operacao conformeLivroIII,TituloI, CapituloI, Secao II,Art.1oKdo RICMS.;|
|0450|122|Pedido(s):35853;Vendedor:VENDAS;SAPUCAIA DO SUL - RS;L.III,ART.1-K.DIF. PARCIAL NAO ESPECIFICADO;Aplicado " Diferimento parcial de 29,41176% do valor da operacao conformeLivroIII,TituloI, CapituloI, Secao II,Art.1oKdo RICMS.;RICMS/RS - LIVRO I, ARTIGO 23,|
|0450|123|Pedido(s):35577;Vendedor:VENDAS;SAPUCAIA DO SUL - RS;RICMS/RS - LIVRO I, ARTIGO 23, INCISO LX, ALINEA "B"; LIVRO I, ARTIGO 27, INCISO V E APENDICE I, SECAO II. ;|
|0450|124|Pedido(s):35960;Vendedor:VENDAS;SAPUCAIA DO SUL - RS;Aplicado " Diferimento parcial de 29,41176% do valor da operacao conformeLivroIII,TituloI, CapituloI, Secao II,Art.1oKdo RICMS.;RICMS/RS - LIVRO I, ARTIGO 23, INCISO LX, ALINEA "B"; LIVRO I, ARTIGO 27,|
|0450|125|Pedido(s):35679;Vendedor:VENDAS;SAPUCAIA DO SUL - RS;RICMS/RS - LIVRO I, ARTIGO 23, INCISO LX, ALINEA "B"; LIVRO I, ARTIGO 27, INCISO V E APENDICE I, SECAO II. ;|
|0450|126|Pedido(s):35610;Vendedor:VENDAS;SAPUCAIA DO SUL - RS;Aplicado " Diferimento parcial de 29,41176% do valor da operacao conformeLivroIII,TituloI, CapituloI, Secao II,Art.1oKdo RICMS.;|
|0450|127|Pedido(s):35720;Vendedor:VENDAS;SAPUCAIA DO SUL - RS;RICMS/RS - LIVRO I, ARTIGO 23, INCISO LX, ALINEA "B"; LIVRO I, ARTIGO 27, INCISO V E APENDICE I, SECAO II. ;|
|0450|128|Pedido(s):35950;Vendedor:VENDAS;SAPUCAIA DO SUL - RS;RICMS/RS - LIVRO I, ARTIGO 23, INCISO LX, ALINEA "B"; LIVRO I, ARTIGO 27, INCISO V E APENDICE I, SECAO II. ;|
|0450|129|Dif.Parcial do valor da operacao conforme Livro III, Art. 1o-K do decreto 37.699/97 Perc.Diferido: 29,41100 Valor Diferido: R$ 130,14 ICMS Diferido: R$ 22,12|
|0450|13|Pedido(s):35269;Vendedor:VENDAS;SAPUCAIA DO SUL - RS;RICMS/RS - LIVRO I, ARTIGO 23, INCISO LX, ALINEA "B"; LIVRO I, ARTIGO 27, INCISO V E APENDICE I, SECAO II. ;|
|0450|130|Pedido(s):35575;Vendedor:VENDAS;SAPUCAIA DO SUL - RS;RICMS/RS - LIVRO I, ARTIGO 23, INCISO LX, ALINEA "B"; LIVRO I, ARTIGO 27, INCISO V E APENDICE I, SECAO II. ;|
|0450|131|Pedido(s):35801;Vendedor:VENDAS;SAPUCAIA DO SUL - RS;Aplicado " Diferimento parcial de 29,41176% do valor da operacao conformeLivroIII,TituloI, CapituloI, Secao II,Art.1oKdo RICMS.;RICMS/RS - LIVRO I, ARTIGO 23, INCISO LX, ALINEA "B"; LIVRO I, ARTIGO 27,|
|0450|132|Pedido(s):35663;Vendedor:VENDAS;SAPUCAIA DO SUL - RS;L.III,ART.1-K.DIF. PARCIAL NAO ESPECIFICADO;Aplicado " Diferimento parcial de 29,41176% do valor da operacao conformeLivroIII,TituloI, CapituloI, Secao II,Art.1oKdo RICMS.;VALOR APROXIMADO TRIBUTOS R$ 3|
|0450|133|Pedido(s):35834;Vendedor:VENDAS;SAPUCAIA DO SUL - RS;L.III,ART.1-K.DIF. PARCIAL NAO ESPECIFICADO;|
|0450|134|Pedido(s):35780;Vendedor:VENDAS;SAPUCAIA DO SUL - RS;Aplicado " Diferimento parcial de 29,41176% do valor da operacao conformeLivroIII,TituloI, CapituloI, Secao II,Art.1oKdo RICMS.;RICMS/RS - LIVRO I, ARTIGO 23, INCISO LX, ALINEA "B"; LIVRO I, ARTIGO 27,|
|0450|135|Dif.Parcial do valor da operacao conforme Livro III, Art. 1o-K do decreto 37.699/97 Perc.Diferido: 29,41100 Valor Diferido: R$ 1.222,38 ICMS Diferido: R$ 207,80|
|0450|136|Pedido(s):35748;Vendedor:VENDAS;SAPUCAIA DO SUL - RS;L.III,ART.1-K.DIF. PARCIAL NAO ESPECIFICADO;Aplicado " Diferimento parcial de 29,41176% do valor da operacao conformeLivroIII,TituloI, CapituloI, Secao II,Art.1oKdo RICMS.;|
|0450|137|Dif.Parcial do valor da operacao conforme Livro III, Art. 1o-K do decreto 37.699/97 Perc.Diferido: 29,41100 Valor Diferido: R$ 1.641,81 ICMS Diferido: R$ 279,11|
|0450|138|Pedido(s):35896;Vendedor:VENDAS;SAPUCAIA DO SUL - RS;Aplicado " Diferimento parcial de 29,41176% do valor da operacao conformeLivroIII,TituloI, CapituloI, Secao II,Art.1oKdo RICMS.;RICMS/RS - LIVRO I, ARTIGO 23, INCISO LX, ALINEA "B"; LIVRO I, ARTIGO 27,|
|0450|139|Pedido(s):35785;Vendedor:VENDAS;SAPUCAIA DO SUL - RS;|
|0450|14|Pedido(s):35276;Vendedor:VENDAS;SAPUCAIA DO SUL - RS;L.III,ART.1-K.DIF. PARCIAL NAO ESPECIFICADO;Aplicado " Diferimento parcial de 29,41176% do valor da operacao conformeLivroIII,TituloI, CapituloI, Secao II,Art.1oKdo RICMS.;RICMS/RS - LIVRO I, ARTIGO 23,|
|0450|140|Pedido(s):35834;Vendedor:VENDAS;SAPUCAIA DO SUL - RS;Aplicado " Diferimento parcial de 29,41176% do valor da operacao conformeLivroIII,TituloI, CapituloI, Secao II,Art.1oKdo RICMS.;RICMS/RS - LIVRO I, ARTIGO 23, INCISO LX, ALINEA "B"; LIVRO I, ARTIGO 27,|
|0450|141|ICMS retido anteriormente por st conforme conv. Icms 92/15. Base ST: 6.073,04 ICMS ST: 734,27 ICMS proprio: 783,90|
|0450|142|Pedido(s):35953;Vendedor:VENDAS;SAPUCAIA DO SUL - RS;Aplicado " Diferimento parcial de 29,41176% do valor da operacao conformeLivroIII,TituloI, CapituloI, Secao II,Art.1oKdo RICMS.;RICMS/RS - LIVRO I, ARTIGO 23, INCISO LX, ALINEA "B"; LIVRO I, ARTIGO 27,|
|0450|143|Pedido(s):36041;Vendedor:VENDAS;SAPUCAIA DO SUL - RS;L.III,ART.1-K.DIF. PARCIAL NAO ESPECIFICADO;Aplicado " Diferimento parcial de 29,41176% do valor da operacao conformeLivroIII,TituloI, CapituloI, Secao II,Art.1oKdo RICMS.;BASE ICMS ST RETIDO:422,79 VAL|
|0450|144|Pedido(s):35854;Vendedor:VENDAS;SAPUCAIA DO SUL - RS;Aplicado " Diferimento parcial de 29,41176% do valor da operacao conformeLivroIII,TituloI, CapituloI, Secao II,Art.1oKdo RICMS.;RICMS/RS - LIVRO I, ARTIGO 23, INCISO LX, ALINEA "B"; LIVRO I, ARTIGO 27,|
|0450|145|Pedido(s):36016;Vendedor:VENDAS;SAPUCAIA DO SUL - RS;Aplicado " Diferimento parcial de 29,41176% do valor da operacao conformeLivroIII,TituloI, CapituloI, Secao II,Art.1oKdo RICMS.;RICMS/RS - LIVRO I, ARTIGO 23, INCISO LX, ALINEA "B"; LIVRO I, ARTIGO 27,|
|0450|146|Pedido(s):36077;Vendedor:VENDAS;SAPUCAIA DO SUL - RS;Aplicado " Diferimento parcial de 29,41176% do valor da operacao conformeLivroIII,TituloI, CapituloI, Secao II,Art.1oKdo RICMS.;|
|0450|147|Pedido(s):36095;Vendedor:VENDAS;SAPUCAIA DO SUL - RS;Aplicado " Diferimento parcial de 29,41176% do valor da operacao conformeLivroIII,TituloI, CapituloI, Secao II,Art.1oKdo RICMS.;|
|0450|148|BASE DE CALCULO REDUZIDA CFE. LIVRO I, ART. 23, LX, B, DO RICMS/RS Trib aprox: Fed.= R$ 54,95 Total= R$ 54,95(7,85%) Fonte: IBPT/empresometro.com.br 8F6CA7|
|0450|149|Pedido(s):36084;Vendedor:VENDAS;SAPUCAIA DO SUL - RS;L.III,ART.1-K.DIF. PARCIAL NAO ESPECIFICADO;|
|0450|15|Pedido(s):35432;Vendedor:VENDAS;SAPUCAIA DO SUL - RS;RICMS/RS - LIVRO I, ARTIGO 23, INCISO LX, ALINEA "B"; LIVRO I, ARTIGO 27, INCISO V E APENDICE I, SECAO II. ;|
|0450|151|Pedido(s):35858;Vendedor:VENDAS;SAPUCAIA DO SUL - RS;BASE ICMS ST RETIDO:135,57 VALOR ICMS RETIDO: 12,89;|
|0450|152|Pedido(s):35969;Vendedor:VENDAS;SAPUCAIA DO SUL - RS;Aplicado " Diferimento parcial de 29,41176% do valor da operacao conformeLivroIII,TituloI, CapituloI, Secao II,Art.1oKdo RICMS.;|
|0450|153|Pedido(s):35905;Vendedor:VENDAS;SAPUCAIA DO SUL - RS;RICMS/RS - LIVRO I, ARTIGO 23, INCISO LX, ALINEA "B"; LIVRO I, ARTIGO 27, INCISO V E APENDICE I, SECAO II. ;|
|0450|154|Dif.Parcial do valor da operacao conforme Livro III, Art. 1o-K do decreto 37.699/97 Perc.Diferido: 29,41100 Valor Diferido: R$ 679,44 ICMS Diferido: R$ 115,49|
|0450|155|Pedido(s):35826;Vendedor:VENDAS;SAPUCAIA DO SUL - RS;|
|0450|156|.DECLARO QUE OS PRODUTOS PERIGOSOS ESTAO ADEQUADAMENTE CLASSIFICADOS, EMBALADOS, IDENTIFICADOS, E ESTIVADOS PARA SUPORTAR OS RISCOS DAS OPERACOES DE TRANSPORTE E QUE ATENDEM AS EXIGENCIAS DA REGULAMENTACAO. PLACA VEICULO: FBR1858. ALCOOL ETILICO HIDRATADO|
|0450|157|Pedido(s):35722;Vendedor:VENDAS;SAPUCAIA DO SUL - RS;RICMS/RS - LIVRO I, ARTIGO 23, INCISO LX, ALINEA "B"; LIVRO I, ARTIGO 27, INCISO V E APENDICE I, SECAO II. ;|
|0450|158|Pedido(s):36070;Vendedor:VENDAS;SAPUCAIA DO SUL - RS;L.III,ART.1-K.DIF. PARCIAL NAO ESPECIFICADO;RICMS/RS - LIVRO I, ARTIGO 23, INCISO LX, ALINEA "B"; LIVRO I, ARTIGO 27, INCISO V E APENDICE I, SECAO II. ;|
|0450|159|Entrega: AV CEL THEODOMIRO PORTO DA FONSECA 1657 Bairro:PASQUALINI SAPUCAIA DO SUL RS CEP : 93224665 Observacao: Data Coleta: 01/01/1900 Contato: TATIANE N Coleta: 49033 Frete: 137,34 Localizacao: 3 - 329 Pedido s de Venda: 114650-It.1,22 Pedido de Compra|
|0450|16|Pedido(s):35438;Vendedor:VENDAS;SAPUCAIA DO SUL - RS;RICMS/RS - LIVRO I, ARTIGO 23, INCISO LX, ALINEA "B"; LIVRO I, ARTIGO 27, INCISO V E APENDICE I, SECAO II. ;|
|0450|160|Pedido(s):36038;Vendedor:VENDAS;SAPUCAIA DO SUL - RS;L.III,ART.1-K.DIF. PARCIAL NAO ESPECIFICADO;Aplicado " Diferimento parcial de 29,41176% do valor da operacao conformeLivroIII,TituloI, CapituloI, Secao II,Art.1oKdo RICMS.;RICMS/RS - LIVRO I, ARTIGO 23,|
|0450|161|Pedido(s):36029;Vendedor:VENDAS;SAPUCAIA DO SUL - RS;|
|0450|162|Pedido(s):36086;Vendedor:VENDAS;SAPUCAIA DO SUL - RS;|
|0450|163|Pedido(s):35853;Vendedor:VENDAS;SAPUCAIA DO SUL - RS;L.III,ART.1-K.DIF. PARCIAL NAO ESPECIFICADO;Aplicado " Diferimento parcial de 29,41176% do valor da operacao conformeLivroIII,TituloI, CapituloI, Secao II,Art.1oKdo RICMS.;VALOR APROXIMADO TRIBUTOS R$ 4|
|0450|165|BASE DE CALCULO REDUZIDA CFE. LIVRO I, ART. 23, LX, B, DO RICMS/RS Trib aprox: Fed.= R$ 172,70 Total= R$ 172,70(7,85%) Fonte: IBPT/empresometro.com.br 8F6CA7|
|0450|166|Pedido(s):36032;Vendedor:VENDAS;SAPUCAIA DO SUL - RS;RICMS/RS - LIVRO I, ARTIGO 23, INCISO LX, ALINEA "B"; LIVRO I, ARTIGO 27, INCISO V E APENDICE I, SECAO II. ;|
|0450|167|Pedido(s):36118;Vendedor:VENDAS;SAPUCAIA DO SUL - RS;Aplicado " Diferimento parcial de 29,41176% do valor da operacao conformeLivroIII,TituloI, CapituloI, Secao II,Art.1oKdo RICMS.;RICMS/RS - LIVRO I, ARTIGO 23, INCISO LX, ALINEA "B"; LIVRO I, ARTIGO 27,|
|0450|169|Pedido(s):36040;Vendedor:VENDAS;SAPUCAIA DO SUL - RS;RICMS/RS - LIVRO I, ARTIGO 23, INCISO LX, ALINEA "B"; LIVRO I, ARTIGO 27, INCISO V E APENDICE I, SECAO II. ;|
|0450|17|Pedido(s):35276;Vendedor:VENDAS;SAPUCAIA DO SUL - RS;|
|0450|170|Pedido(s):35861;Vendedor:VENDAS;SAPUCAIA DO SUL - RS;Aplicado " Diferimento parcial de 29,41176% do valor da operacao conformeLivroIII,TituloI, CapituloI, Secao II,Art.1oKdo RICMS.;RICMS/RS - LIVRO I, ARTIGO 23, INCISO LX, ALINEA "B"; LIVRO I, ARTIGO 27,|
|0450|171|Pedido(s):35928;Vendedor:VENDAS;SAPUCAIA DO SUL - RS;Aplicado " Diferimento parcial de 29,41176% do valor da operacao conformeLivroIII,TituloI, CapituloI, Secao II,Art.1oKdo RICMS.;|
|0450|172|Pedido(s):36085;Vendedor:VENDAS;SAPUCAIA DO SUL - RS;Aplicado " Diferimento parcial de 29,41176% do valor da operacao conformeLivroIII,TituloI, CapituloI, Secao II,Art.1oKdo RICMS.;RICMS/RS - LIVRO I, ARTIGO 23, INCISO LX, ALINEA "B"; LIVRO I, ARTIGO 27,|
|0450|173|Pedido(s):35857;Vendedor:VENDAS;SAPUCAIA DO SUL - RS;RICMS/RS - LIVRO I, ARTIGO 23, INCISO LX, ALINEA "B"; LIVRO I, ARTIGO 27, INCISO V E APENDICE I, SECAO II. ;|
|0450|18|Pedido(s):35364;Vendedor:VENDAS;SAPUCAIA DO SUL - RS;RICMS/RS - LIVRO I, ARTIGO 23, INCISO LX, ALINEA "B"; LIVRO I, ARTIGO 27, INCISO V E APENDICE I, SECAO II. ;|
|0450|2|Pedido(s):35283;Vendedor:VENDAS;SAPUCAIA DO SUL - RS;RICMS/RS - LIVRO I, ARTIGO 23, INCISO LX, ALINEA "B"; LIVRO I, ARTIGO 27, INCISO V E APENDICE I, SECAO II. ;|
|0450|20|Pedido(s):35228;Vendedor:VENDAS;SAPUCAIA DO SUL - RS;Aplicado " Diferimento parcial de 29,41176% do valor da operacao conformeLivroIII,TituloI, CapituloI, Secao II,Art.1oKdo RICMS.;RICMS/RS - LIVRO I, ARTIGO 23, INCISO LX, ALINEA "B"; LIVRO I, ARTIGO 27,|
|0450|22|Pedido(s):35235;Vendedor:VENDAS;SAPUCAIA DO SUL - RS;Aplicado " Diferimento parcial de 29,41176% do valor da operacao conformeLivroIII,TituloI, CapituloI, Secao II,Art.1oKdo RICMS.;RICMS/RS - LIVRO I, ARTIGO 23, INCISO LX, ALINEA "B"; LIVRO I, ARTIGO 27,|
|0450|23|Pedido(s):35292;Vendedor:VENDAS;SAPUCAIA DO SUL - RS;Aplicado " Diferimento parcial de 29,41176% do valor da operacao conformeLivroIII,TituloI, CapituloI, Secao II,Art.1oKdo RICMS.;RICMS/RS - LIVRO I, ARTIGO 23, INCISO LX, ALINEA "B"; LIVRO I, ARTIGO 27,|
|0450|24|Pedido(s):35415;Vendedor:VENDAS;SAPUCAIA DO SUL - RS;RICMS/RS - LIVRO I, ARTIGO 23, INCISO LX, ALINEA "B"; LIVRO I, ARTIGO 27, INCISO V E APENDICE I, SECAO II. ;|
|0450|25|Dif.Parcial do valor da operacao conforme Livro III, Art. 1o-K do decreto 37.699/97 Perc.Diferido: 29,41100 Valor Diferido: R$ 942,12 ICMS Diferido: R$ 160,16|
|0450|26|:ENDERECO DE ENTREGA: AV. CORONEL TEODOMIRO DA FONSECA, 1657 BAIRO: JARDIM VILA VERDE SAPUCAIA DO SUL. CLIENTE RECEBE MERCADORIA NA QUARTA-FEIRA SOMENTE DEPOIS DAS 17:00H- MOTORISTA LIGAR ANTES PARA COMBINAR A ENTREGA.|
|0450|27|Pedido(s):35261;Vendedor:VENDAS;SAPUCAIA DO SUL - RS;RICMS/RS - LIVRO I, ARTIGO 23, INCISO LX, ALINEA "B"; LIVRO I, ARTIGO 27, INCISO V E APENDICE I, SECAO II. ;|
|0450|28|BASE DE CALCULO REDUZIDA CFE. LIVRO I, ART. 23, LX, B, DO RICMS/RS Trib aprox: Fed.= R$ 442,75 Total= R$ 442,76(7,85%) Fonte: IBPT/empresometro.com.br 8F6CA7|
|0450|3|Pedido(s):35200;Vendedor:VENDAS;SAPUCAIA DO SUL - RS;L.III,ART.1-K.DIF. PARCIAL NAO ESPECIFICADO;Aplicado " Diferimento parcial de 29,41176% do valor da operacao conformeLivroIII,TituloI, CapituloI, Secao II,Art.1oKdo RICMS.;RICMS/RS - LIVRO I, ARTIGO 23,|
|0450|30|ICMS retido anteriormente por st conforme conv. Icms 92/15. Base ST: 6.534,99 ICMS ST: 873,12 ICMS proprio: 760,50|
|0450|31|Pedido(s):35248;Vendedor:VENDAS;SAPUCAIA DO SUL - RS;Aplicado " Diferimento parcial de 29,41176% do valor da operacao conformeLivroIII,TituloI, CapituloI, Secao II,Art.1oKdo RICMS.;RICMS/RS - LIVRO I, ARTIGO 23, INCISO LX, ALINEA "B"; LIVRO I, ARTIGO 27,|
|0450|32|Pedido(s):35212;Vendedor:VENDAS;SAPUCAIA DO SUL - RS;Aplicado " Diferimento parcial de 29,41176% do valor da operacao conformeLivroIII,TituloI, CapituloI, Secao II,Art.1oKdo RICMS.;RICMS/RS - LIVRO I, ARTIGO 23, INCISO LX, ALINEA "B"; LIVRO I, ARTIGO 27,|
|0450|33|FANTASIA CIA DO CHIMARRAO** BOLETOS SANTANDER ANEXO** PEDIDO(S) VAREJO :62817 1-ICMS 12% CFME DEC. 37.699/97 , ART. 27 INC. VI , LETRA D DO RICMS AINDA MANTIDO SOB DECRETO 52836 DE 29 DEZ 2015 2-ICMS SUBSTITUICAO TRIBUT. PROTOC. ICMS 92-2007 CONFAZ E DEC.|
|0450|34|Pedido(s):35212;Vendedor:VENDAS;SAPUCAIA DO SUL - RS;L.III,ART.1-K.DIF. PARCIAL NAO ESPECIFICADO;|
|0450|35|Pedido(s):35436;Vendedor:VENDAS;SAPUCAIA DO SUL - RS;Aplicado " Diferimento parcial de 29,41176% do valor da operacao conformeLivroIII,TituloI, CapituloI, Secao II,Art.1oKdo RICMS.;|
|0450|36|Pedido(s):35259;Vendedor:VENDAS;SAPUCAIA DO SUL - RS;Aplicado " Diferimento parcial de 29,41176% do valor da operacao conformeLivroIII,TituloI, CapituloI, Secao II,Art.1oKdo RICMS.;RICMS/RS - LIVRO I, ARTIGO 23, INCISO LX, ALINEA "B"; LIVRO I, ARTIGO 27,|
|0450|38|Pedido(s):35318;Vendedor:VENDAS;SAPUCAIA DO SUL - RS;Aplicado " Diferimento parcial de 29,41176% do valor da operacao conformeLivroIII,TituloI, CapituloI, Secao II,Art.1oKdo RICMS.; "Adicional de aliquota do AMPARA/RS, criado pela Lei no 14.742/15" e o co|
|0450|39|Pedido(s):35215;Vendedor:VENDAS;SAPUCAIA DO SUL - RS;L.III,ART.1-K.DIF. PARCIAL NAO ESPECIFICADO;Aplicado " Diferimento parcial de 29,41176% do valor da operacao conformeLivroIII,TituloI, CapituloI, Secao II,Art.1oKdo RICMS.;RICMS/RS - LIVRO I, ARTIGO 23,|
|0450|4|Dif.Parcial do valor da operacao conforme Livro III, Art. 1o-K do decreto 37.699/97 Perc.Diferido: 29,41100 Valor Diferido: R$ 747,86 ICMS Diferido: R$ 127,14|
|0450|41|Pedido(s):35303;Vendedor:VENDAS;SAPUCAIA DO SUL - RS;Aplicado " Diferimento parcial de 29,41176% do valor da operacao conformeLivroIII,TituloI, CapituloI, Secao II,Art.1oKdo RICMS.;RICMS/RS - LIVRO I, ARTIGO 23, INCISO LX, ALINEA "B"; LIVRO I, ARTIGO 27,|
|0450|42|Pedido(s):35228;Vendedor:VENDAS;SAPUCAIA DO SUL - RS;Aplicado " Diferimento parcial de 29,41176% do valor da operacao conformeLivroIII,TituloI, CapituloI, Secao II,Art.1oKdo RICMS.;VALOR APROXIMADO TRIBUTOS R$ 4,29 (1,26%) Fonte: IBPT;|
|0450|43|Pedido(s):35298;Vendedor:VENDAS;SAPUCAIA DO SUL - RS;RICMS/RS - LIVRO I, ARTIGO 23, INCISO LX, ALINEA "B"; LIVRO I, ARTIGO 27, INCISO V E APENDICE I, SECAO II. ;|
|0450|44|Representante: Debastiani E-Mail: debastianiatena@terra.com.br Fone: (51)99973-4508|
|0450|45|Pedido(s):35408;Vendedor:VENDAS;SAPUCAIA DO SUL - RS;Aplicado " Diferimento parcial de 29,41176% do valor da operacao conformeLivroIII,TituloI, CapituloI, Secao II,Art.1oKdo RICMS.;RICMS/RS - LIVRO I, ARTIGO 23, INCISO LX, ALINEA "B"; LIVRO I, ARTIGO 27,|
|0450|46|Pedido(s):35475;Vendedor:VENDAS;SAPUCAIA DO SUL - RS;Aplicado " Diferimento parcial de 29,41176% do valor da operacao conformeLivroIII,TituloI, CapituloI, Secao II,Art.1oKdo RICMS.;RICMS/RS - LIVRO I, ARTIGO 23, INCISO LX, ALINEA "B"; LIVRO I, ARTIGO 27,|
|0450|47|Pedido(s):35495;Vendedor:VENDAS;SAPUCAIA DO SUL - RS;Aplicado " Diferimento parcial de 29,41176% do valor da operacao conformeLivroIII,TituloI, CapituloI, Secao II,Art.1oKdo RICMS.;RICMS/RS - LIVRO I, ARTIGO 23, INCISO LX, ALINEA "B"; LIVRO I, ARTIGO 27,|
|0450|48|Representante: EVERSON NUNES TORMA ICMS parcialmente diferido montante de R$52,06,conforme livro III,art1-K RICMS/R S|
|0450|49|Pedido(s):35640;Vendedor:VENDAS;SAPUCAIA DO SUL - RS;L.III,ART.1-K.DIF. PARCIAL NAO ESPECIFICADO;Aplicado " Diferimento parcial de 29,41176% do valor da operacao conformeLivroIII,TituloI, CapituloI, Secao II,Art.1oKdo RICMS.;RICMS/RS - LIVRO I, ARTIGO 23,|
|0450|5|Pedido(s):35340;Vendedor:VENDAS;SAPUCAIA DO SUL - RS;Aplicado " Diferimento parcial de 29,41176% do valor da operacao conformeLivroIII,TituloI, CapituloI, Secao II,Art.1oKdo RICMS.;RICMS/RS - LIVRO I, ARTIGO 23, INCISO LX, ALINEA "B"; LIVRO I, ARTIGO 27,|
|0450|50|Pedido(s):35653;Vendedor:VENDAS;SAPUCAIA DO SUL - RS;L.III,ART.1-K.DIF. PARCIAL NAO ESPECIFICADO;Aplicado " Diferimento parcial de 29,41176% do valor da operacao conformeLivroIII,TituloI, CapituloI, Secao II,Art.1oKdo RICMS.;|
|0450|51|Pedido(s):35653;Vendedor:VENDAS;SAPUCAIA DO SUL - RS;L.III,ART.1-K.DIF. PARCIAL NAO ESPECIFICADO;Aplicado " Diferimento parcial de 29,41176% do valor da operacao conformeLivroIII,TituloI, CapituloI, Secao II,Art.1oKdo RICMS.;RICMS/RS - LIVRO I, ARTIGO 23,|
|0450|52|Pedido(s):35645;Vendedor:VENDAS;SAPUCAIA DO SUL - RS;Aplicado " Diferimento parcial de 29,41176% do valor da operacao conformeLivroIII,TituloI, CapituloI, Secao II,Art.1oKdo RICMS.;|
|0450|53|Pedido(s):35346;Vendedor:VENDAS;SAPUCAIA DO SUL - RS;RICMS/RS - LIVRO I, ARTIGO 23, INCISO LX, ALINEA "B"; LIVRO I, ARTIGO 27, INCISO V E APENDICE I, SECAO II. ;|
|0450|54|Pedido(s):35502;Vendedor:VENDAS;SAPUCAIA DO SUL - RS;L.III,ART.1-K.DIF. PARCIAL NAO ESPECIFICADO;Aplicado " Diferimento parcial de 29,41176% do valor da operacao conformeLivroIII,TituloI, CapituloI, Secao II,Art.1oKdo RICMS.;RICMS/RS - LIVRO I, ARTIGO 23,|
|0450|55|Pedido(s):35422;Vendedor:VENDAS;SAPUCAIA DO SUL - RS;L.III,ART.1-K.DIF. PARCIAL NAO ESPECIFICADO;Aplicado " Diferimento parcial de 29,41176% do valor da operacao conformeLivroIII,TituloI, CapituloI, Secao II,Art.1oKdo RICMS.;VALOR APROXIMADO TRIBUTOS R$ 8|
|0450|56|IPI Aliq. Zero Cfe. Dec 8.950/2016 Subst Tributaria Protocolo 54/2017 e Decreto 52846/2015 PIS/COFINS tributado a aliquota 0 (zero) cfe. MP 609 de 08/03/2013.Lei 5474/68 O nao recebimento do boleto nao desobriga o pagamento pontual. Carga: 0259238 Numero:|
|0450|58|- - Vendedor: 10 ARMINDO - Nome fantasia: CIA DO CHIMARRAO - Valor do ICMS Diferido: R$ 199,11 - Tributos Totais: Federal: R$ 535,65 Estadual: R$ 677,02 Municipal: R$ 0,00|
|0450|59|Pedido(s):35671;Vendedor:VENDAS;SAPUCAIA DO SUL - RS;Aplicado " Diferimento parcial de 29,41176% do valor da operacao conformeLivroIII,TituloI, CapituloI, Secao II,Art.1oKdo RICMS.;RICMS/RS - LIVRO I, ARTIGO 23, INCISO LX, ALINEA "B"; LIVRO I, ARTIGO 27,|
|0450|6|ICMS BC REDUZIDA A 41,176% CONF LIVRO I, ART. 23, II, "A" - DEC. 37699/ 97. Dif.Parcial do valor da operacao conforme Livro III, Art. 1o-K do decreto 37.699/97 Valor Diferido: R$ 233,67 ICMS Diferido: R$ 39,73|
|0450|60|Pedido(s):35663;Vendedor:VENDAS;SAPUCAIA DO SUL - RS;Aplicado " Diferimento parcial de 29,41176% do valor da operacao conformeLivroIII,TituloI, CapituloI, Secao II,Art.1oKdo RICMS.;RICMS/RS - LIVRO I, ARTIGO 23, INCISO LX, ALINEA "B"; LIVRO I, ARTIGO 27,|
|0450|61|** ITENS COM CST-ICMS "51" POSSUEM DIFERIMENTO PARCIAL DE IMPOSTO CFE LIVRO III, ARTIGO 1-K DO RICMS/RS. ** DIFERIMENTO PARCIAL DE IMPOSTO NO VALOR DE R$ 586,56 **  ** ITENS COM CST-ICMS "20" E/OU "70" POSSUEM BASE DE CALCULO ICMS REDUZIDO CFE LIVRO I,AR|
|0450|62|Pedido(s):35452;Vendedor:VENDAS;SAPUCAIA DO SUL - RS;|
|0450|63|Pedido(s):35429;Vendedor:VENDAS;SAPUCAIA DO SUL - RS;Aplicado " Diferimento parcial de 29,41176% do valor da operacao conformeLivroIII,TituloI, CapituloI, Secao II,Art.1oKdo RICMS.;BASE ICMS ST RETIDO:93,72 VALOR ICMS RETIDO: 18,28;|
|0450|64|Pedido(s):35517;Vendedor:VENDAS;SAPUCAIA DO SUL - RS;Aplicado " Diferimento parcial de 29,41176% do valor da operacao conformeLivroIII,TituloI, CapituloI, Secao II,Art.1oKdo RICMS.;RICMS/RS - LIVRO I, ARTIGO 23, INCISO LX, ALINEA "B"; LIVRO I, ARTIGO 27,|
|0450|65|Pedido(s):35403;Vendedor:VENDAS;SAPUCAIA DO SUL - RS;Aplicado " Diferimento parcial de 29,41176% do valor da operacao conformeLivroIII,TituloI, CapituloI, Secao II,Art.1oKdo RICMS.;RICMS/RS - LIVRO I, ARTIGO 23, INCISO LX, ALINEA "B"; LIVRO I, ARTIGO 27,|
|0450|66|REFERENTE AO DOCUMENTO NFE - 1-289883 DO DIA 28/05/2021[42210580996556000119550010002898831081219678]; REFERENTE AO DOCUMENTO NFE - 1-298346 DO DIA 03/09/2021[42210980996556000119550010002983461380609837]; REFERENTE AO DOCUMENTO NFE - 1-298827 DO DIA 10/0|
|0450|67|Pedido(s):35518;Vendedor:VENDAS;SAPUCAIA DO SUL - RS;Aplicado " Diferimento parcial de 29,41176% do valor da operacao conformeLivroIII,TituloI, CapituloI, Secao II,Art.1oKdo RICMS.; "Adicional de aliquota do AMPARA/RS, criado pela Lei no 14.742/15" e o co|
|0450|68|Pedido(s):35485;Vendedor:VENDAS;SAPUCAIA DO SUL - RS;RICMS/RS - LIVRO I, ARTIGO 23, INCISO LX, ALINEA "B"; LIVRO I, ARTIGO 27, INCISO V E APENDICE I, SECAO II. ;|
|0450|69|Pedido(s):35628;Vendedor:VENDAS;SAPUCAIA DO SUL - RS;L.III,ART.1-K.DIF. PARCIAL NAO ESPECIFICADO;Aplicado " Diferimento parcial de 29,41176% do valor da operacao conformeLivroIII,TituloI, CapituloI, Secao II,Art.1oKdo RICMS.;|
|0450|7|.;FAVOR CONFERIR MERCADORIAS NO ATO DA ENTREGA, NAO ACEITAMOS RECLAMACOES POSTERIORES. EM CASO DE AVARIA COLOCAR OBS NO CONHECIMENTO DA ENTREGA. GRATOS|
|0450|70|Pedido(s):35612;Vendedor:VENDAS;SAPUCAIA DO SUL - RS;L.III,ART.1-K.DIF. PARCIAL NAO ESPECIFICADO;Aplicado " Diferimento parcial de 29,41176% do valor da operacao conformeLivroIII,TituloI, CapituloI, Secao II,Art.1oKdo RICMS.;VALOR APROXIMADO TRIBUTOS R$ 3|
|0450|71|Pedido(s):35645;Vendedor:VENDAS;SAPUCAIA DO SUL - RS;Aplicado " Diferimento parcial de 29,41176% do valor da operacao conformeLivroIII,TituloI, CapituloI, Secao II,Art.1oKdo RICMS.;RICMS/RS - LIVRO I, ARTIGO 23, INCISO LX, ALINEA "B"; LIVRO I, ARTIGO 27,|
|0450|72|Dif.Parcial do valor da operacao conforme Livro III, Art. 1o-K do decreto 37.699/97 Perc.Diferido: 29,41100 Valor Diferido: R$ 501,28 ICMS Diferido: R$ 85,22|
|0450|73|Pedido(s):35713;Vendedor:VENDAS;SAPUCAIA DO SUL - RS;RICMS/RS - LIVRO I, ARTIGO 23, INCISO LX, ALINEA "B"; LIVRO I, ARTIGO 27, INCISO V E APENDICE I, SECAO II. ;|
|0450|74|Pedido(s):35423;Vendedor:VENDAS;SAPUCAIA DO SUL - RS;RICMS/RS - LIVRO I, ARTIGO 23, INCISO LX, ALINEA "B"; LIVRO I, ARTIGO 27, INCISO V E APENDICE I, SECAO II. ;|
|0450|76|Pedido(s):35601;Vendedor:VENDAS;SAPUCAIA DO SUL - RS;Aplicado " Diferimento parcial de 29,41176% do valor da operacao conformeLivroIII,TituloI, CapituloI, Secao II,Art.1oKdo RICMS.;|
|0450|77|Pedido(s):35408;Vendedor:VENDAS;SAPUCAIA DO SUL - RS;L.III,ART.1-K.DIF. PARCIAL NAO ESPECIFICADO;Aplicado " Diferimento parcial de 29,41176% do valor da operacao conformeLivroIII,TituloI, CapituloI, Secao II,Art.1oKdo RICMS.;VALOR APROXIMADO TRIBUTOS R$ 8|
|0450|78|Pedido(s):35554;Vendedor:VENDAS;SAPUCAIA DO SUL - RS;RICMS/RS - LIVRO I, ARTIGO 23, INCISO LX, ALINEA "B"; LIVRO I, ARTIGO 27, INCISO V E APENDICE I, SECAO II. ;|
|0450|8|Pedido(s):35409;Vendedor:VENDAS;SAPUCAIA DO SUL - RS;L.III,ART.1-K.DIF. PARCIAL NAO ESPECIFICADO;Aplicado " Diferimento parcial de 29,41176% do valor da operacao conformeLivroIII,TituloI, CapituloI, Secao II,Art.1oKdo RICMS.;RICMS/RS - LIVRO I, ARTIGO 23,|
|0450|80|BASE DE CALCULO REDUZIDA CFE. LIVRO I, ART. 23, LX, B, DO RICMS/RS Trib aprox: Fed.= R$ 117,75 Total= R$ 117,75(7,85%) Fonte: IBPT/empresometro.com.br 8F6CA7|
|0450|81|Pedido(s):35483;Vendedor:VENDAS;SAPUCAIA DO SUL - RS;RICMS/RS - LIVRO I, ARTIGO 23, INCISO LX, ALINEA "B"; LIVRO I, ARTIGO 27, INCISO V E APENDICE I, SECAO II. ;|
|0450|82|CARGA: 0000345455 Ordem de Venda:0110992303RS-Saída Interna C/Diferimento parcial ICMS(29,41%),Livro III,Art.1º-KRICMS/RS-Decreto 37.699/97-ICMS Total:174.79(-) ICMS Diferido51.40 -ICMS Devido 123.39-CBBENF:RS052158IPI-NCM capitulo 17 e 18-Posição 1704 e1|
|0450|83|Pedido(s):35587;Vendedor:VENDAS;SAPUCAIA DO SUL - RS;Aplicado " Diferimento parcial de 29,41176% do valor da operacao conformeLivroIII,TituloI, CapituloI, Secao II,Art.1oKdo RICMS.;RICMS/RS - LIVRO I, ARTIGO 23, INCISO LX, ALINEA "B"; LIVRO I, ARTIGO 27,|
|0450|84|Pedido(s):35345;Vendedor:VENDAS;SAPUCAIA DO SUL - RS;RICMS/RS - LIVRO I, ARTIGO 23, INCISO LX, ALINEA "B"; LIVRO I, ARTIGO 27, INCISO V E APENDICE I, SECAO II. ;|
|0450|85|Dif.Parcial do valor da operacao conforme Livro III, Art. 1o-K do decreto 37.699/97|
|0450|86|Pedido(s):35612;Vendedor:VENDAS;SAPUCAIA DO SUL - RS;RICMS/RS - LIVRO I, ARTIGO 23, INCISO LX, ALINEA "B"; LIVRO I, ARTIGO 27, INCISO V E APENDICE I, SECAO II. ;|
|0450|87|Pedido(s):35712;Vendedor:VENDAS;SAPUCAIA DO SUL - RS;RICMS/RS - LIVRO I, ARTIGO 23, INCISO LX, ALINEA "B"; LIVRO I, ARTIGO 27, INCISO V E APENDICE I, SECAO II. ;|
|0450|88|Pedido(s):35665;Vendedor:VENDAS;SAPUCAIA DO SUL - RS;|
|0450|89|Pedido(s):35611;Vendedor:VENDAS;SAPUCAIA DO SUL - RS;Aplicado " Diferimento parcial de 29,41176% do valor da operacao conformeLivroIII,TituloI, CapituloI, Secao II,Art.1oKdo RICMS.;|
|0450|9|Pedido(s):35278;Vendedor:VENDAS;SAPUCAIA DO SUL - RS;|
|0450|90|Pedido(s):35422;Vendedor:VENDAS;SAPUCAIA DO SUL - RS;Aplicado " Diferimento parcial de 29,41176% do valor da operacao conformeLivroIII,TituloI, CapituloI, Secao II,Art.1oKdo RICMS.;RICMS/RS - LIVRO I, ARTIGO 23, INCISO LX, ALINEA "B"; LIVRO I, ARTIGO 27,|
|0450|91|Pedido(s):35543;Vendedor:VENDAS;SAPUCAIA DO SUL - RS;L.III,ART.1-K.DIF. PARCIAL NAO ESPECIFICADO;Aplicado " Diferimento parcial de 29,41176% do valor da operacao conformeLivroIII,TituloI, CapituloI, Secao II,Art.1oKdo RICMS.;|
|0450|92|Pedido(s):35589;Vendedor:VENDAS;SAPUCAIA DO SUL - RS;Aplicado " Diferimento parcial de 29,41176% do valor da operacao conformeLivroIII,TituloI, CapituloI, Secao II,Art.1oKdo RICMS.;VALOR APROXIMADO TRIBUTOS R$ 21,51 (4,20%) Fonte: IBPT;|
|0450|93|Pedido(s):35592;Vendedor:VENDAS;SAPUCAIA DO SUL - RS;|
|0450|94|Nr. Pedido/OC Cliente: undefined  Volumes: 56  Cubagem: 0.8248025  Valor do ICMS R$: 145.04  Valor do IPI R$: 75.67  Valor do PIS R$: 7.11  Valor do COFINS R$: 32.73  OS BOLETOS ENCONTRAM-SE EM ANEXO, CASO NAO RECEBER SOLICITAR PELO E-MAIL FINANCEIRO@GSO|
|0450|95|Pedido(s):35518;Vendedor:VENDAS;SAPUCAIA DO SUL - RS;L.III,ART.1-K.DIF. PARCIAL NAO ESPECIFICADO;|
|0450|97|Pedido(s):35731;Vendedor:VENDAS;SAPUCAIA DO SUL - RS;|
|0450|98|Rep: 146 - VENCATO E GRASSOTTI SERVICOS E REPRESENTACOES COMERCIAIS LTDA ME. Pedido: 91078.  Base de calculo de PIS e COFINS reduzida pela exclusao do ICMS destacado na NF. Conforme processo no 2007.70.09.000173-1/TRF, transitado em julgado na data de 25.|
|0450|99|Pedido(s):35962;Vendedor:VENDAS;SAPUCAIA DO SUL - RS;RICMS/RS - LIVRO I, ARTIGO 23, INCISO LX, ALINEA "B"; LIVRO I, ARTIGO 27, INCISO V E APENDICE I, SECAO II. ;|
|0500|01012023|04|A|5|265|Vendas de Mercadorias|3.01.01.01.01.05||
|0500|01012023|04|A|5|342|Compra de Mercadoria para Revenda|3.01.01.03.01.02||
|0500|01012023|04|A|5|346|(-) Devolução de Compras|3.01.01.01.02.01||
|0500|01012023|01|A|5|55|Estoque de Mercadoria Para Revenda|1.01.03.01.01||
|0990|724|
|A001|1|
|A990|2|
|C001|0|
|C010|09624855000168|2|
|C100|0|1|13582|55|00|1|56039|43230107624194000145550010000560391925456910|03012023|03012023|5640|1|0|0|5640|1|0|0|0|3289,99|394,8|0|0|0|93,08|428,64|0|0|
|C110|28|BASE DE CALCULO REDUZIDA CFE. LIVRO I, ART. 23, LX, B, DO RICMS/RS Trib aprox: Fed.= R$ 442,75 Total= R$ 442,76(7,85%) Fonte: IBPT/empresometro.com.br 8F6CA7|
|C170|1|258556|ERVA-MATE 1 KG|100|Un|600|0|0|020|1102|1102000|350|12|42|0|0|0||||0|0|0|50|600|1,65|||9,9|50|600|7,6|||45,6|55|
|C170|2|258557|ERVA-MATE 1/2 KG|300|Un|1050|0|0|020|1102|1102000|612,5|12|73,5|0|0|0||||0|0|0|50|1050|1,65|||17,33|50|1050|7,6|||79,8|55|
|C170|3|258558|ERVA-MATE MOIDA GROSSA 1 KG|10|Un|60|0|0|020|1102|1102000|35|12|4,2|0|0|0||||0|0|0|50|60|1,65|||0,99|50|60|7,6|||4,56|55|
|C170|4|258559|ERVA-MATE MOIDA GROSSA 1/2 KG|40|Un|140|0|0|020|1102|1102000|81,67|12|9,8|0|0|0||||0|0|0|50|140|1,65|||2,31|50|140|7,6|||10,64|55|
|C170|5|258560|ERVA-MATE COM ACUCAR 1 KG|10|Un|60|0|0|020|1102|1102000|35|12|4,2|0|0|0||||0|0|0|50|60|1,65|||0,99|50|60|7,6|||4,56|55|
|C170|6|258561|ERVA-MATE COM CHA 1/2KG|140|Un|490|0|0|020|1102|1102000|285,83|12|34,3|0|0|0||||0|0|0|50|490|1,65|||8,09|50|490|7,6|||37,24|55|
|C170|7|258562|ERVA-MATE COM MENTA 1/2KG|140|Un|490|0|0|020|1102|1102000|285,83|12|34,3|0|0|0||||0|0|0|50|490|1,65|||8,09|50|490|7,6|||37,24|55|
|C170|8|258563|ERVA-MATE A GRANEL 10 KG|550|KG|2750|0|0|020|1102|1102000|1604,16|12|192,5|0|0|0||||0|0|0|50|2750|1,65|||45,38|50|2750|7,6|||209|55|
|C100|0|1|4338|55|00|0|63229|43230107427039000139550000000632291406067017|10012023|10012023|3203,3|1|0|0|3203,3|0|0|0|0|3203,3|384,39|0|0|0|46,5|214,24|0|0|
|C110|25|Dif.Parcial do valor da operacao conforme Livro III, Art. 1o-K do decreto 37.699/97 Perc.Diferido: 29,41100 Valor Diferido: R$ 942,12 ICMS Diferido: R$ 160,16|
|C170|1|258564|SACOLA T VD 40X50 2,5KG Codigo de Barras: 07898952342537|50|FD|1287,5|0|0|051|1102|1102000|1287,5|17|154,5|0|0|0||||0|0|0|50|1133|1,65|||18,69|50|1133|7,6|||86,11|55|
|C170|2|258565|SACOLA T VD 30X45 C/ 1,8KG Codigo de Barras: 07898952342896|20|FD|370,8|0|0|051|1102|1102000|370,8|17|44,49|0|0|0||||0|0|0|50|326,31|1,65|||5,38|50|326,31|7,6|||24,8|55|
|C170|3|258566|SACOLA SOU ECO 38x48 C/500UN CREME|50|FD|1545|0|0|051|1102|1102000|1545|17|185,4|0|0|0||||0|0|0|50|1359,6|1,65|||22,43|50|1359,6|7,6|||103,33|55|
|C100|0|1|777|55|00|1|40607|43230100870163000125550010000406071041521049|10012023|10012023|2542,8|1|0|0|2542,8|0|0|0|0|2542,8|305,13|0|0|0|36,92|170,06|0|0|
|C110|4|Dif.Parcial do valor da operacao conforme Livro III, Art. 1o-K do decreto 37.699/97 Perc.Diferido: 29,41100 Valor Diferido: R$ 747,86 ICMS Diferido: R$ 127,14|
|C170|1|258567|SACOLA PLAST.FN 38X48 VRD|171|FD|2223|0|0|051|1102|1102000|2223|17|266,76|0|0|0||||0|0|0|50|1956,24|1,65|||32,28|50|1956,24|7,6|||148,67|55|
|C170|2|258568|SACOLA PLAST.FN 30X40CM VRD|41|FD|319,8|0|0|051|1102|1102000|319,8|17|38,37|0|0|0||||0|0|0|50|281,43|1,65|||4,64|50|281,43|7,6|||21,39|55|
|C100|0|1|3938|55|00|0|8218|43230110806098000122550000000082181575430362|07012023|07012023|4532|1|0|0|4532|4|0|0|0|0|0|0|0|0|14,84|68,41|0|0|
|C110|30|ICMS retido anteriormente por st conforme conv. Icms 92/15. Base ST: 6.534,99 ICMS ST: 873,12 ICMS proprio: 760,50|
|C170|1|258569|BALY 2 L PET X 6UN|22|PC|1078|0|0|060|1403|1403000|0|0|0|0|0|0||||0|0|0|73|0|0|||0|73|0|7,6|||0|55|
|C170|2|258570|ENERG BALY TROPICAL 2 LT 6X2LT|10|FD|490|0|0|060|1403|1403000|0|0|0|0|0|0||||0|0|0|73|0|0|||0|73|0|7,6|||0|55|
|C170|3|258571|BALY BRASIL MELANCIA 2L|15|PC|735|0|0|060|1403|1403000|0|0|0|0|0|0||||0|0|0|73|0|0|||0|73|0|7,6|||0|55|
|C170|4|258572|BALY 2 L PET X 6UN MACA VERDE|15|PC|735|0|0|060|1403|1403000|0|0|0|0|0|0||||0|0|0|73|0|0|||0|73|0|7,6|||0|55|
|C170|5|105687|COQUETEL COROTE CANELINHA 12X5|3|Dz|108|0|0|060|1403|1403000|0|0|0|0|0|0||||0|0|0|50|108|1,65|||1,78|50|108|7,6|||8,21|55|
|C170|6|86709|COQUETEL COROTE MENTA 12X500 M|3|Dz|108|0|0|060|1403|1403000|0|0|0|0|0|0||||0|0|0|50|108|1,65|||1,78|50|108|7,6|||8,21|55|
|C170|7|80647|COQUETEL COROTE PESSEGO 12X500|3|Dz|108|0|0|060|1403|1403000|0|0|0|0|0|0||||0|0|0|50|108|1,65|||1,78|50|108|7,6|||8,21|55|
|C170|8|80646|COQ COROTE TUTTI FRUTTI 12X500|6|Dz|216|0|0|060|1403|1403000|0|0|0|0|0|0||||0|0|0|50|216|1,65|||3,56|50|216|7,6|||16,42|55|
|C170|9|86708|COQUETEL COROTE MORANGO 12X500|10|Dz|360|0|0|060|1403|1403000|0|0|0|0|0|0||||0|0|0|50|360|1,65|||5,94|50|360|7,6|||27,36|55|
|C170|10|258573|BALY BRASIL 473 ML|6|PC|162|0|0|060|1403|1403000|0|0|0|0|0|0||||0|0|0|73|0|0|||0|73|0|7,6|||0|55|
|C170|11|258574|BALY PESSECO COM MORANGO LATAO|12|Un|54|0|0|060|1403|1403000|0|0|0|0|0|0||||0|0|0|73|0|0|||0|73|0|7,6|||0|55|
|C170|12|258575|BALY MELANCIA 473ML|12|Un|54|0|0|060|1403|1403000|0|0|0|0|0|0||||0|0|0|73|0|0|||0|73|0|7,6|||0|55|
|C170|13|258576|BALY TANGERINA|2|PC|54|0|0|060|1403|1403000|0|0|0|0|0|0||||0|0|0|73|0|0|||0|73|0|7,6|||0|55|
|C170|14|258577|BALY BRASIL MACA VERDE 473 ML|2|PC|54|0|0|060|1403|1403000|0|0|0|0|0|0||||0|0|0|73|0|0|||0|73|0|7,6|||0|55|
|C170|15|258578|BALY BRASIL TROPICAL 473ML|2|PC|54|0|0|060|1403|1403000|0|0|0|0|0|0||||0|0|0|73|0|0|||0|73|0|7,6|||0|55|
|C170|16|258579|BALY BRASIL ACAI 475|2|PC|54|0|0|060|1403|1403000|0|0|0|0|0|0||||0|0|0|73|0|0|||0|73|0|7,6|||0|55|
|C170|17|258580|BALY CITRUS|2|PC|54|0|0|060|1403|1403000|0|0|0|0|0|0||||0|0|0|73|0|0|||0|73|0|7,6|||0|55|
|C170|18|258581|ENERGETCO BALY COCO E ACAI LAT|2|PC|54|0|0|060|1403|1403000|0|0|0|0|0|0||||0|0|0|73|0|0|||0|73|0|7,6|||0|55|
|C100|0|1|1115|55|00|1|72215|43230129387740000104550010000722151072464150|09012023|09012023|2210,5|1|0|0|2210,5|4|0|0|0|1377,55|194,46|0|0|0|36,47|168|0|0|
|C110|6|ICMS BC REDUZIDA A 41,176% CONF LIVRO I, ART. 23, II, "A" - DEC. 37699/ 97. Dif.Parcial do valor da operacao conforme Livro III, Art. 1o-K do decreto 37.699/97 Valor Diferido: R$ 233,67 ICMS Diferido: R$ 39,73|
|C170|1|12116|SAL PIRATA 15 X 1|50|FD|885|0|0|020|1102|1102000|364,41|17|61,95|0|0|0||||0|0|0|50|885|1,65|||14,6|50|885|7,6|||67,26|55|
|C170|2|12118|SAL SALAZIR 15 X 1|30|FD|531|0|0|020|1102|1102000|218,64|17|37,17|0|0|0||||0|0|0|50|531|1,65|||8,76|50|531|7,6|||40,36|55|
|C170|3|12119|SAL GROSSO TEMPERADO PIRATA 15 X 1|17|FD|671,5|0|0|051|1102|1102000|671,5|17|80,58|0|0|0||||0|0|0|50|671,5|1,65|||11,08|50|671,5|7,6|||51,03|55|
|C170|4|94969|TEMPERO A BASE DE SAL FINO SALAZIR 15 X 1|3|FD|123|0|0|051|1102|1102000|123|17|14,76|0|0|0||||0|0|0|50|123|1,65|||2,03|50|123|7,6|||9,35|55|
|C100|0|1|1842|55|00|1|336610|42230180996556000119550010003366101506083626|09012023|09012023|18176,95|1|0|0|18176,95|3|0|0|0|18176,95|2181,21|0|0|0|263,89|1215,7|0|0|
|C110|44|Representante: Debastiani E-Mail: debastianiatena@terra.com.br Fone: (51)99973-4508|
|C170|1|240908|GELATINA 48 X 20 GR ABACAXI|5|CX|220,45|0|0|000|2102|2102000|220,45|12|26,45|0|0|0||||0|0|0|50|194|1,65|||3,2|50|194|7,6|||14,74|342|
|C170|2|242869|GELATINA 48 X 20 GR BLUEBERRY|8|CX|352,72|0|0|000|2102|2102000|352,72|12|42,33|0|0|0||||0|0|0|50|310,39|1,65|||5,12|50|310,39|7,6|||23,59|342|
|C170|3|93171|POP FRUTA 160 X 25 GR PERA|12|CX|967,08|0|0|500|2102|2102000|967,08|12|116,05|0|0|0||||0|0|0|50|851,03|1,65|||14,04|50|851,03|7,6|||64,68|342|
|C170|4|30331|POP FRUTA 160 X 25 GR MELANCIA|15|CX|1208,85|0|0|500|2102|2102000|1208,85|12|145,06|0|0|0||||0|0|0|50|1063,79|1,65|||17,55|50|1063,79|7,6|||80,85|342|
|C170|5|30334|POP FRUTA 160 X 25 GR LIMAO|15|CX|1208,85|0|0|500|2102|2102000|1208,85|12|145,06|0|0|0||||0|0|0|50|1063,79|1,65|||17,55|50|1063,79|7,6|||80,85|342|
|C170|6|100807|POP FRUTA 160 X 25 GR GOIABA|6|CX|483,54|0|0|500|2102|2102000|483,54|12|58,02|0|0|0||||0|0|0|50|425,52|1,65|||7,02|50|425,52|7,6|||32,34|342|
|C170|7|116899|POP FRUTA 160 X 25 GR GUARANA|10|CX|805,9|0|0|500|2102|2102000|805,9|12|96,71|0|0|0||||0|0|0|50|709,19|1,65|||11,7|50|709,19|7,6|||53,9|342|
|C170|8|93172|POP FRUTA 160 X 25 GR PESSEGO|5|CX|402,95|0|0|500|2102|2102000|402,95|12|48,35|0|0|0||||0|0|0|50|354,6|1,65|||5,85|50|354,6|7,6|||26,95|342|
|C170|9|30330|POP FRUTA 160 X 25 GR SALADA DE FRUTAS|25|CX|2014,75|0|0|500|2102|2102000|2014,75|12|241,77|0|0|0||||0|0|0|50|1772,98|1,65|||29,25|50|1772,98|7,6|||134,75|342|
|C170|10|30333|POP FRUTA 160 X 25 GR MANGA|12|CX|967,08|0|0|500|2102|2102000|967,08|12|116,05|0|0|0||||0|0|0|50|851,03|1,65|||14,04|50|851,03|7,6|||64,68|342|
|C170|11|257060|POP FRUTA 160 X 25 GR JABUTICABA|6|CX|483,54|0|0|500|2102|2102000|483,54|12|58,02|0|0|0||||0|0|0|50|425,52|1,65|||7,02|50|425,52|7,6|||32,34|342|
|C170|12|93169|POP FRUTA 160 X 25 GR ABACAXI|15|CX|1208,85|0|0|500|2102|2102000|1208,85|12|145,06|0|0|0||||0|0|0|50|1063,79|1,65|||17,55|50|1063,79|7,6|||80,85|342|
|C170|13|207212|POP FRUTA 160 X 25 GR ABACAXI C HORTELA|8|CX|644,72|0|0|500|2102|2102000|644,72|12|77,37|0|0|0||||0|0|0|50|567,35|1,65|||9,36|50|567,35|7,6|||43,12|342|
|C170|14|30329|POP FRUTA 160 X 25 GR TANGERINA|7|CX|564,13|0|0|500|2102|2102000|564,13|12|67,7|0|0|0||||0|0|0|50|496,43|1,65|||8,19|50|496,43|7,6|||37,73|342|
|C170|15|93170|POP FRUTA 160 X 25 GR MORANGO|15|CX|1208,85|0|0|500|2102|2102000|1208,85|12|145,06|0|0|0||||0|0|0|50|1063,79|1,65|||17,55|50|1063,79|7,6|||80,85|342|
|C170|16|30332|POP FRUTA 160 X 25 GR MARACUJA|12|CX|967,08|0|0|500|2102|2102000|967,08|12|116,05|0|0|0||||0|0|0|50|851,03|1,65|||14,04|50|851,03|7,6|||64,68|342|
|C170|17|46773|POP FRUTA 160 X 25 GR LARANJA|20|CX|1611,8|0|0|500|2102|2102000|1611,8|12|193,42|0|0|0||||0|0|0|50|1418,38|1,65|||23,4|50|1418,38|7,6|||107,8|342|
|C170|18|257059|POP FRUTA 160 X 25 GR CAJU|3|CX|241,77|0|0|500|2102|2102000|241,77|12|29,01|0|0|0||||0|0|0|50|212,76|1,65|||3,51|50|212,76|7,6|||16,17|342|
|C170|19|207213|POP FRUTA 160 X 25 GR LIMONADA SUICA|6|CX|483,54|0|0|500|2102|2102000|483,54|12|58,02|0|0|0||||0|0|0|50|425,52|1,65|||7,02|50|425,52|7,6|||32,34|342|
|C170|20|46772|POP FRUTA 160 X 25 GR UVA|20|CX|1611,8|0|0|500|2102|2102000|1611,8|12|193,42|0|0|0||||0|0|0|50|1418,38|1,65|||23,4|50|1418,38|7,6|||107,8|342|
|C170|21|70201|CHOCOLATE EM PO CX 24 X 200 GR|3|CX|200,7|0|0|500|2102|2102000|200,7|12|24,08|0|0|0||||0|0|0|50|176,62|1,65|||2,91|50|176,62|7,6|||13,42|342|
|C170|22|120597|FARINHA DE AVEIA 12 X 150 GR|2|CX|63,6|0|0|500|2102|2102000|63,6|12|7,63|0|0|0||||0|0|0|50|55,97|1,65|||0,92|50|55,97|7,6|||4,25|342|
|C170|23|70202|AVEIA EM FLOCOS 12 X 150 GR|4|CX|127,2|0|0|500|2102|2102000|127,2|12|15,26|0|0|0||||0|0|0|50|111,94|1,65|||1,85|50|111,94|7,6|||8,51|342|
|C170|24|70203|AVEIA EM FLOCOS FINOS 12 X 150 GR|4|CX|127,2|0|0|500|2102|2102000|127,2|12|15,26|0|0|0||||0|0|0|50|111,94|1,65|||1,85|50|111,94|7,6|||8,51|342|
|C100|0|1|2868|55|00|1|81431|42230110237146000109550010000814311885254714|11012023|11012023|851,76|1|0|0|851,76|0|0|0|0|851,76|102,21|0|0|0|12,37|56,97|0|0|
|C110|26|:ENDERECO DE ENTREGA: AV. CORONEL TEODOMIRO DA FONSECA, 1657 BAIRO: JARDIM VILA VERDE SAPUCAIA DO SUL. CLIENTE RECEBE MERCADORIA NA QUARTA-FEIRA SOMENTE DEPOIS DAS 17:00H- MOTORISTA LIGAR ANTES PARA COMBINAR A ENTREGA.|
|C170|1|258587|SACOLA PLASTICA BIO 25X35 SUPER C/1000 - CLASSE B/CX|70|CX|851,76|0|0|000|2102|2102000|851,76|12|102,21|0|0|0||||0|0|0|50|749,55|1,65|||12,37|50|749,55|7,6|||56,97|342|
|C100|0|1|172|55|00|1|63932|43230108866958000171550010000639321531602354|09012023|09012023|1969|1|0|0|1969|0|0|0|0|1969|236,28|0|0|0|32,5|149,64|0|0|
|C110|7|.;FAVOR CONFERIR MERCADORIAS NO ATO DA ENTREGA, NAO ACEITAMOS RECLAMACOES POSTERIORES. EM CASO DE AVARIA COLOCAR OBS NO CONHECIMENTO DA ENTREGA. GRATOS|
|C170|1|54057|FOUDANT DE LEITE 50GR C/20 BOA VISTA|20|DIS|470|0|0|051|1102|1102000|470|17|56,4|0|0|0||||0|0|0|50|470|1,65|||7,76|50|470|7,6|||35,72|55|
|C170|2|47524|TORRAO DE AMENDOIM 80G C/20|20|DIS|420|0|0|051|1102|1102000|420|17|50,4|0|0|0||||0|0|0|50|420|1,65|||6,93|50|420|7,6|||31,92|55|
|C170|3|47526|COCADA BRANCA IVOTI 55G C/20|2|DIS|52|0|0|051|1102|1102000|52|17|6,24|0|0|0||||0|0|0|50|52|1,65|||0,86|50|52|7,6|||3,95|55|
|C170|4|47525|ALFAJOR IVOTI 45GR C/ 18|1|DIS|22|0|0|000|1102|1102000|22|12|2,64|0|0|0||||0|0|0|50|22|1,65|||0,36|50|22|7,6|||1,67|55|
|C170|5|258588|PACOCA ROLHA IVOTI 52GR C/22|30|DIS|555|0|0|051|1102|1102000|555|17|66,6|0|0|0||||0|0|0|50|555|1,65|||9,16|50|555|7,6|||42,18|55|
|C170|6|67899|BRIGADEIRO DE LEITE COND BOA VISTA 50GR C/20|18|und|450|0|0|051|1102|1102000|450|17|54|0|0|0||||0|0|0|50|450|1,65|||7,43|50|450|7,6|||34,2|55|
|C100|0|1|13585|55|00|1|35304|43230187976130000142550010000353041750634565|11012023|11012023|1903,95|1|0|0|1903,95|0|0|0|0|0|0|0|0|0|29,51|135,93|0|0|
|C110|33|FANTASIA CIA DO CHIMARRAO** BOLETOS SANTANDER ANEXO** PEDIDO(S) VAREJO :62817 1-ICMS 12% CFME DEC. 37.699/97 , ART. 27 INC. VI , LETRA D DO RICMS AINDA MANTIDO SOB DECRETO 52836 DE 29 DEZ 2015 2-ICMS SUBSTITUICAO TRIBUT. PROTOC. ICMS 92-2007 CONFAZ E DEC.|
|C170|1|258589|GUARD. BRANKITO CREP. 20CM X22CM  FD C/5000 UNID|10|FD|877,9|0|0|060|1403|1403000|0|0|0|0|0|0||||0|0|0|50|772,55|1,65|||12,75|50|772,55|7,6|||58,71|55|
|C170|2|258590|TOALHA INT IMPISA PREMIUM 20 CM X20CM C/1000 UNID|5|pct|84,65|0|0|060|1403|1403000|0|0|0|0|0|0||||0|0|0|50|74,49|1,65|||1,23|50|74,49|7,6|||5,66|55|
|C170|3|258591|TOALHA ROLO BRANKITO 21 CM X19 CM C/1320 UNID|20|FD|941,4|0|0|060|1403|1403000|0|0|0|0|0|0||||0|0|0|50|941,4|1,65|||15,53|50|941,4|7,6|||71,55|55|
|C100|0|1|1584|55|00|1|612228|41230175655720000194550010006122281843037152|09012023|09012023|2180,6|1|0|0|2180,6|0|0|0|0|0|0|0|0|0|21,04|96,91|0|0|
|C110|56|IPI Aliq. Zero Cfe. Dec 8.950/2016 Subst Tributaria Protocolo 54/2017 e Decreto 52846/2015 PIS/COFINS tributado a aliquota 0 (zero) cfe. MP 609 de 08/03/2013.Lei 5474/68 O nao recebimento do boleto nao desobriga o pagamento pontual. Carga: 0259238 Numero:|
|C170|1|50412|PAPEL HIGIENICO FOLHA SIMPLES PALOMA PERF. CAMOMILA 16 X 4 C/64 ROLOS DE 30M|15|FD|548,7|0|0|060|2403|2403000|0|0|0|0|0|0||||0|0|0|73|0|0|||0|73|0|7,6|||0|342|
|C170|2|30967|PAPEL HIGIENICO FOLHA SIMPLES PALOMA PERFUMADO 16 X 4 C/64 ROLOS DE 30M|5|FD|182,9|0|0|060|2403|2403000|0|0|0|0|0|0||||0|0|0|73|0|0|||0|73|0|7,6|||0|342|
|C170|3|17291|PAPEL TOALHA STYLUS 12 X 2 C/24 ROLOS 50 TOALHAS 20,5CM P/ ROLO|50|FD|1449|0|0|060|2403|2403000|0|0|0|0|0|0||||0|0|0|50|1275,12|1,65|||21,04|50|1275,12|7,6|||96,91|342|
|C100|0|1|1755|55|00|1|91909|43230196738216000128550010000919091352700583|16012023|17012023|1704,4|1|0|0|1704,4|3|0|0|0|1704,4|204,52|0|0|0|24,75|113,99|0|0|
|C110|72|Dif.Parcial do valor da operacao conforme Livro III, Art. 1o-K do decreto 37.699/97 Perc.Diferido: 29,41100 Valor Diferido: R$ 501,28 ICMS Diferido: R$ 85,22|
|C170|1|51235|SABAO IMPERIAL CLASSICO 40 X 300 GR|10|CX|827,26|0|0|051|1102|1102000|827,26|17|99,27|0|0|0||||0|0|0|50|727,99|1,65|||12,01|50|727,99|7,6|||55,33|55|
|C170|2|39967|SABAO IMPERIAL GLICERINA JUNIOR 40 X 200 GR|10|CX|877,14|0|0|051|1102|1102000|877,14|17|105,25|0|0|0||||0|0|0|50|771,89|1,65|||12,74|50|771,89|7,6|||58,66|55|
|C100|0|1|5099|55|00|1|15022|43230105529038000170550010000150221203014660|12012023|13012023|4129,4|1|0|0|4129,4|3|0|0|0|4129,4|495,51|0|0|0|59,96|276,17|0|0|
|C110|85|Dif.Parcial do valor da operacao conforme Livro III, Art. 1o-K do decreto 37.699/97|
|C170|1|47135|PRATO 15CM BRANCO 500 UN CX C/ 50 PCT C/10 UN CADA|50|CX|2144|0|0|051|1102|1102000|2144|17|257,28|0|0|0||||0|0|0|50|1886,72|1,65|||31,13|50|1886,72|7,6|||143,39|55|
|C170|2|47139|PRATO 26CM BRANCO 250 UN CX C/ 25 PCT C/10 UN CADA|10|CX|831,6|0|0|051|1102|1102000|831,6|17|99,79|0|0|0||||0|0|0|50|731,81|1,65|||12,07|50|731,81|7,6|||55,62|55|
|C170|3|47136|PRATO 15CM AZUL 500 UN CX C/ 50 PCT C/10 UN CADA|10|CX|576,9|0|0|051|1102|1102000|576,9|17|69,22|0|0|0||||0|0|0|50|507,68|1,65|||8,38|50|507,68|7,6|||38,58|55|
|C170|4|47137|PRATO 15CM ROSA 500 UN CX C/ 50 PCT C/10 UN CADA|10|CX|576,9|0|0|051|1102|1102000|576,9|17|69,22|0|0|0||||0|0|0|50|507,68|1,65|||8,38|50|507,68|7,6|||38,58|55|
|C100|0|1|1402|55|00|5|432870|43230197191902000518550050004328701938789118|12012023|12012023|12012,2|1|0|0|12012,2|0|0|0|0|11847,02|1427,45|0|0|0|174,66|804,44|0|0|
|C110|61|** ITENS COM CST-ICMS "51" POSSUEM DIFERIMENTO PARCIAL DE IMPOSTO CFE LIVRO III, ARTIGO 1-K DO RICMS/RS. ** DIFERIMENTO PARCIAL DE IMPOSTO NO VALOR DE R$ 586,56 **  ** ITENS COM CST-ICMS "20" E/OU "70" POSSUEM BASE DE CALCULO ICMS REDUZIDO CFE LIVRO I,|
|C170|1|30894|CATCHUP SACHET ODERICH 200/8g|20|CX|258,8|0|0|051|1102|1102000|258,8|17|31,06|0|0|0||||0|0|0|50|227,74|1,65|||3,76|50|227,74|7,6|||17,31|55|
|C170|2|30895|MOSTARDA SACHET ODERICH 200/7g|15|CX|181,35|0|0|551|1102|1102000|181,35|17|21,76|0|0|0||||0|0|0|50|159,59|1,65|||2,63|50|159,59|7,6|||12,13|55|
|C170|3|30902|MAIONESE SACHET ODERICH 200/8g|15|CX|200,85|0|0|551|1102|1102000|200,85|17|24,1|0|0|0||||0|0|0|50|176,75|1,65|||2,92|50|176,75|7,6|||13,43|55|
|C170|4|14245|CATCHUP BISNAGA ODERICH 24/400g (CX)|6|CX|528,48|0|0|051|1102|1102000|528,48|17|63,42|0|0|0||||0|0|0|50|465,06|1,65|||7,67|50|465,06|7,6|||35,34|55|
|C170|5|54542|BARBECUE BISNAGA ODERICH 24/200g (CX)|6|CX|378,72|0|0|551|1102|1102000|378,72|17|45,45|0|0|0||||0|0|0|50|333,27|1,65|||5,5|50|333,27|7,6|||25,33|55|
|C170|6|14248|MOSTARDA BISNAGA ODERICH 24/190g (CX)|37|CX|2086,8|0|0|551|1102|1102000|2086,8|17|250,42|0|0|0||||0|0|0|50|1836,38|1,65|||30,3|50|1836,38|7,6|||139,56|55|
|C170|7|14249|MOSTARDA PICANTE ODERICH 24/190g (CX)|3|CX|169,2|0|0|551|1102|1102000|169,2|17|20,3|0|0|0||||0|0|0|50|148,9|1,65|||2,46|50|148,9|7,6|||11,32|55|
|C170|8|40060|MAIONESE BISNAGA ODERICH 24/170g|10|CX|686,4|0|0|551|1102|1102000|686,4|17|82,37|0|0|0||||0|0|0|50|604,03|1,65|||9,97|50|604,03|7,6|||45,91|55|
|C170|9|14244|CATCHUP BISNAGA ODERICH 24/200g (CX)|80|CX|4569,6|0|0|051|1102|1102000|4569,6|17|548,36|0|0|0||||0|0|0|50|4021,24|1,65|||66,35|50|4021,24|7,6|||305,61|55|
|C170|10|30893|ERVILHA ODERICH 24/200g|15|FD|835,2|0|0|551|1102|1102000|835,2|17|100,23|0|0|0||||0|0|0|50|734,97|1,65|||12,13|50|734,97|7,6|||55,86|55|
|C170|11|14241|ERVILHA E MILHO ODERICH 24/200g (FD3)|25|FD|1836|0|0|551|1102|1102000|1836|17|220,32|0|0|0||||0|0|0|50|1615,68|1,65|||26,66|50|1615,68|7,6|||122,79|55|
|C170|12|14252|PESSEGOS ESPECIAL ODERICH 12/450g (CX)|3|CX|280,8|0|0|020|1102|1102000|115,62|17|19,66|0|0|0||||0|0|0|50|261,14|1,65|||4,31|50|261,14|7,6|||19,85|55|
|C100|0|1|1580|55|00|1|73352|43230193952331000102550010000733521618433216|13012023|16012023|1041,12|1|0|0|1041,12|0|0|0|0|1041,12|124,93|0|0|0|17,18|79,13|0|0|
|C110|48|Representante: EVERSON NUNES TORMA ICMS parcialmente diferido montante de R$52,06,conforme livro III,art1-K RICMS/R S|
|C170|1|17269|CATCHUP KETDOG 12 X 200G|20|CX|391,2|0|0|051|1102|1102000|391,2|17|46,94|0|0|0||||0|0|0|50|391,2|1,65|||6,45|50|391,2|7,6|||29,73|55|
|C170|2|17270|MOSTARDA MOSTARDOG 12 X 200G|20|CX|391,2|0|0|051|1102|1102000|391,2|17|46,94|0|0|0||||0|0|0|50|391,2|1,65|||6,45|50|391,2|7,6|||29,73|55|
|C170|3|97492|MOLHO BARBECUE BARBEDOG 12 X 200G|4|CX|107,04|0|0|051|1102|1102000|107,04|17|12,85|0|0|0||||0|0|0|50|107,04|1,65|||1,77|50|107,04|7,6|||8,14|55|
|C170|4|70029|MOLHO DE ALHO ADIGEL 12 X 900ML|2|FD|113,76|0|0|051|1102|1102000|113,76|17|13,65|0|0|0||||0|0|0|50|113,76|1,65|||1,88|50|113,76|7,6|||8,65|55|
|C170|5|70032|MOLHO DE PIMENTA ADIGEL 12 X 140ML|2|FD|37,92|0|0|051|1102|1102000|37,92|17|4,55|0|0|0||||0|0|0|50|37,92|1,65|||0,63|50|37,92|7,6|||2,88|55|
|C100|0|1|2127|55|00|1|18265|43230102975994000197550010000182651902082446|17012023|17012023|3982,5|1|0|0|3982,5|0|0|0|0|3982,5|477,91|0|0|0|65,72|302,67|0|0|
|C110|58|- - Vendedor: 10 ARMINDO - Nome fantasia: CIA DO CHIMARRAO - Valor do ICMS Diferido: R$ 199,11 - Tributos Totais: Federal: R$ 535,65 Estadual: R$ 677,02 Municipal: R$ 0,00|
|C170|1|159273|AGUA SANITARIA ACTUALY 1 L c/ 12|100|pct|2090|0|0|051|1102|1102000|2090|17|250,81|0|0|0||||0|0|0|50|2090|1,65|||34,49|50|2090|7,6|||158,84|55|
|C170|2|230182|AGUA SANITARIA ACTUALY 2 L c/ 6|50|pct|917,5|0|0|051|1102|1102000|917,5|17|110,1|0|0|0||||0|0|0|50|917,5|1,65|||15,14|50|917,5|7,6|||69,73|55|
|C170|3|229157|AGUA SANITARIA ACTUALY 5 L|150|Un|975|0|0|051|1102|1102000|975|17|117|0|0|0||||0|0|0|50|975|1,65|||16,09|50|975|7,6|||74,1|55|
|C100|0|1|13582|55|00|1|56382|43230107624194000145550010000563821323140688|17012023|17012023|1500|1|0|0|1500|0|0|0|0|874,99|105|0|0|0|24,75|114|0|0|
|C110|80|BASE DE CALCULO REDUZIDA CFE. LIVRO I, ART. 23, LX, B, DO RICMS/RS Trib aprox: Fed.= R$ 117,75 Total= R$ 117,75(7,85%) Fonte: IBPT/empresometro.com.br 8F6CA7|
|C170|1|258563|ERVA-MATE A GRANEL 10 KG|300|KG|1500|0|0|020|1102|1102000|874,99|12|105|0|0|0||||0|0|0|50|1500|1,65|||24,75|50|1500|7,6|||114|55|
|C100|0|1|10278|55|00|4|12064|43230152123916003662550040000120641740463750|17012023|17012023|1028,16|1|0|0|1028,16|0|0|0|0|1028,16|123,39|0|0|0|14,93|68,76|0|0|
|C110|82|CARGA: 0000345455 Ordem de Venda:0110992303RS-Saída Interna C/Diferimento parcial ICMS(29,41%),Livro III,Art.1º-KRICMS/RS-Decreto 37.699/97-ICMS Total:174.79(-) ICMS Diferido51.40 -ICMS Devido 123.39-CBBENF:RS052158IPI-NCM capitulo 17 e 18-Posição 1704 e1|
|C170|1|12245|GRANULADO CHOCOLATE DORI 30X70G|30|CX|881,28|0|0|051|1102|1102000|881,28|17|105,76|0|0|0||||0|0|0|50|775,52|1,65|||12,8|50|775,52|7,6|||58,94|55|
|C170|2|236216|GRANULADO CONFEITO COLORIDO DORI 30X70G|5|CX|146,88|0|0|051|1102|1102000|146,88|17|17,63|0|0|0||||0|0|0|50|129,25|1,65|||2,13|50|129,25|7,6|||9,82|55|
|C100|0|1|2208|55|00|1|120982|42230112098843000151550010001209821706169998|17012023|17012023|3239,57|1|0|0|3239,57|0|0|0|0|3239,57|145,04|0|0|0|51,06|235,19|0|0|
|C110|94|Nr. Pedido/OC Cliente: undefined  Volumes: 56  Cubagem: 0.8248025  Valor do ICMS R$: 145.04  Valor do IPI R$: 75.67  Valor do PIS R$: 7.11  Valor do COFINS R$: 32.73  OS BOLETOS ENCONTRAM-SE EM ANEXO, CASO NAO RECEBER SOLICITAR PELO E-MAIL FINANC|
|C170|1|215938|P - ROLO ALUMINIO 30CMX4M|30|CX|1199,1|0|0|300|2102|2102000|1199,1|4|47,96|0|0|0||||0|0|0|50|1151,14|1,65|||18,99|50|1151,14|7,6|||87,49|342|
|C170|2|258688|P - ROLO ALUMINIO 30CMX7,5M|5|CX|323,3|0|0|300|2102|2102000|323,3|4|12,93|0|0|0||||0|0|0|50|310,37|1,65|||5,12|50|310,37|7,6|||23,59|342|
|C170|3|215939|P - ROLO ALUMINIO 45CMX4M|15|CX|805,8|0|0|300|2102|2102000|805,8|4|32,23|0|0|0||||0|0|0|50|773,57|1,65|||12,76|50|773,57|7,6|||58,79|342|
|C170|4|245258|PAPEL MANTEIGA GOURMET 30CMX4M|3|CX|193,35|0|0|000|2102|2102000|193,35|12|23,2|0|0|0||||0|0|0|50|170,15|1,65|||2,81|50|170,15|7,6|||12,93|342|
|C170|5|38482|PCT 5 PANOS 30X50CM AZUL|2|CX|448,56|0|0|100|2102|2102000|448,56|4|17,94|0|0|0||||0|0|0|50|430,62|1,65|||7,11|50|430,62|7,6|||32,73|342|
|C170|6|220129|1805 - TOUCA TNT SANFONADA 100UN/PCT|1|CX|269,46|0|0|100|2102|2102000|269,46|4|10,78|0|0|0||||0|0|0|50|258,68|1,65|||4,27|50|258,68|7,6|||19,66|342|
|C100|0|1|4338|55|00|0|63564|43230107427039000139550000000635641136613656|19012023|19012023|5582,3|1|0|0|5582,3|0|0|0|0|5582,3|669,87|0|0|0|81,06|373,35|0|0|
|C110|137|Dif.Parcial do valor da operacao conforme Livro III, Art. 1o-K do decreto 37.699/97 Perc.Diferido: 29,41100 Valor Diferido: R$ 1.641,81 ICMS Diferido: R$ 279,11|
|C170|1|131646|SACOLA REC SOU ECO 40X50 2,5KG VERDE|130|FD|3022,5|0|0|051|1102|1102000|3022,5|17|362,7|0|0|0||||0|0|0|50|2659,8|1,65|||43,89|50|2659,8|7,6|||202,14|55|
|C170|2|206906|SACOLA REC SOU ECO 30X45 1,8KG VERDE|100|FD|1674|0|0|051|1102|1102000|1674|17|200,88|0|0|0||||0|0|0|50|1473,12|1,65|||24,31|50|1473,12|7,6|||111,96|55|
|C170|3|258565|SACOLA T VD 30X45 C/ 1,8KG Codigo de Barras: 07898952342896|20|FD|370,8|0|0|051|1102|1102000|370,8|17|44,49|0|0|0||||0|0|0|50|326,31|1,65|||5,38|50|326,31|7,6|||24,8|55|
|C170|4|258564|SACOLA T VD 40X50 2,5KG Codigo de Barras: 07898952342537|20|FD|515|0|0|051|1102|1102000|515|17|61,8|0|0|0||||0|0|0|50|453,2|1,65|||7,48|50|453,2|7,6|||34,44|55|
|C100|0|1|195|55|00|1|2616|43230120538845000142550010000026161487375404|20012023|20012023|432|0|0|0|432|0|0|0|0|432|51,84|0|0|0|7,13|32,84|0|0|
|C110|111|md5 : A9222D08D6E38AA06ED6877F2F9B3A54;|
|C170|1|258783|PACOCA DE AMENDOIM D 1X12X22UNX1,100KG|2|CX|432|0|0|051|1102|1102000|432|17|51,84|0|0|0||||0|0|0|50|432|1,65|||7,13|50|432|7,6|||32,83|55|
|C100|0|1|13591|55|00|3|426380|43230198586662000190550030004263801011492930|19012023|20012023|2410,9|1|0|0|2410,9|0|0|0|0|1621,52|194,57|0|0|0|34,46|158,71|0|0|
|C110|101|PEDIDO N.:003296ORDEM COMPRA:00000000000000COD/NOME REPRES:010091 COD.CLIENTE:027796NOME FANTASIA:CIA DO CHIMARRAOCOBRANCA:Bloqueto Madrugada# - CST _20 - BASE DE CALCULO REDUZIDA CFE.LIVRO I,ART.23,INC.LX (RICMS). - CST_51 - Diferim.Parcial ICMS cfe.Livr|
|C170|1|258784|ERVA-MATE MADRUGADA 500G|130|PT|682,5|0|0|020|1102|1102000|398,12|12|47,77|0|0|0||||0|0|0|50|634,73|1,65|||10,47|50|634,73|7,6|||48,24|55|
|C170|2|258785|ERVA-MATE MADRUG. M. GROSSA 500G|100|PT|525|0|0|020|1102|1102000|306,25|12|36,75|0|0|0||||0|0|0|50|488,25|1,65|||8,06|50|488,25|7,6|||37,11|55|
|C170|3|258786|COMPOSTO MADRUGADA CASCARITA 500GR|60|PT|378|0|0|020|1102|1102000|220,5|12|26,46|0|0|0||||0|0|0|50|351,54|1,65|||5,8|50|351,54|7,6|||26,72|55|
|C170|4|136451|COMPOSTO ERVA-MATE MADRUGADA 500GR|40|PT|252|0|0|020|1102|1102000|147|12|17,64|0|0|0||||0|0|0|50|234,36|1,65|||3,87|50|234,36|7,6|||17,81|55|
|C170|5|258787|ERVA-MATE MADRUG. MOIDA GROSSA 1KG|6|PT|57|0|0|020|1102|1102000|33,25|12|3,99|0|0|0||||0|0|0|50|53,01|1,65|||0,87|50|53,01|7,6|||4,03|55|
|C170|6|258788|CHA MADRUGADA ERVA-DOCE 10/1,5G|70|CX|203,7|0|0|551|1102|1102000|203,7|17|24,44|0|0|0||||0|0|0|50|179,26|1,65|||2,96|50|179,26|7,6|||13,62|55|
|C170|7|258789|CHA MADRUGADA CAMOMILA 10/1GR|80|CX|167,2|0|0|051|1102|1102000|167,2|17|20,06|0|0|0||||0|0|0|50|147,14|1,65|||2,43|50|147,14|7,6|||11,18|55|
|C170|8|116785|CHA MADRUGADA MACA 10/1,5GR|50|CX|145,5|0|0|051|1102|1102000|145,5|17|17,46|0|0|0||||0|0|0|73|0|0|||0|73|0|0|||0|55|
|C100|0|1|2547|55|00|1|262464|41230176491836001250550010002624641119913968|25012023|25012023|3213|1|0|0|3213|0|0|0|0|3213|385,56|0|0|0|46,65|214,89|0|0|
|C110|119|Caso nao tenha recebido boleto entre contato conosco de forma antecipada atraves do e-mail financeiro@romani.com.br ou pelo telefone: 41-3207-3009. Para envio de notas fiscais de devolucao, enviar documento em PDF junto com XML para: devolucoes@romani.com|
|C170|1|50806|FARDO SAL REFINADO 10/1 DIANA 34183 Lote Embalagem: 30.01.05|170|FD|3213|0|0|000|2102|2102000|3213|12|385,56|0|0|0||||0|0|0|50|2827,44|1,65|||46,65|50|2827,44|7,6|||214,89|342|
|C100|0|1|3938|55|00|0|8325|43230110806098000122550000000083251312076380|21012023|21012023|5184|1|0|0|5184|4|0|0|0|0|0|0|0|0|32,53|149,79|0|0|
|C110|141|ICMS retido anteriormente por st conforme conv. Icms 92/15. Base ST: 6.073,04 ICMS ST: 734,27 ICMS proprio: 783,90|
|C170|1|258572|BALY 2 L PET X 6UN MACA VERDE|15|PC|765|0|0|060|1403|1403000|0|0|0|0|0|0||||0|0|0|73|0|0|||0|73|0|7,6|||0|55|
|C170|2|258570|ENERG BALY TROPICAL 2 LT 6X2LT|5|FD|255|0|0|060|1403|1403000|0|0|0|0|0|0||||0|0|0|73|0|0|||0|73|0|7,6|||0|55|
|C170|3|258569|BALY 2 L PET X 6UN|20|PC|1020|0|0|060|1403|1403000|0|0|0|0|0|0||||0|0|0|73|0|0|||0|73|0|7,6|||0|55|
|C170|4|258790|ENERG BALY PESSEGO/MOR 2 LT|5|PC|255|0|0|060|1403|1403000|0|0|0|0|0|0||||0|0|0|73|0|0|||0|73|0|7,6|||0|55|
|C170|5|258571|BALY BRASIL MELANCIA 2L|10|PC|510|0|0|060|1403|1403000|0|0|0|0|0|0||||0|0|0|73|0|0|||0|73|0|7,6|||0|55|
|C170|6|258576|BALY TANGERINA|5|PC|255|0|0|060|1403|1403000|0|0|0|0|0|0||||0|0|0|73|0|0|||0|73|0|7,6|||0|55|
|C170|7|258791|BALY COCO COM CCAI 2L|3|PC|153|0|0|060|1403|1403000|0|0|0|0|0|0||||0|0|0|73|0|0|||0|73|0|7,6|||0|55|
|C170|8|248518|COQ COROTE MELANCIA 500ML 12X|5|CX|185|0|0|060|1403|1403000|0|0|0|0|0|0||||0|0|0|50|185|1,65|||3,05|50|185|7,6|||14,06|55|
|C170|9|80650|CACHACA COROTE 12X500 ML PET|5|Dz|195|0|0|060|1403|1403000|0|0|0|0|0|0||||0|0|0|50|195|1,65|||3,22|50|195|7,6|||14,82|55|
|C170|10|86709|COQUETEL COROTE MENTA 12X500 M|2|Dz|74|0|0|060|1403|1403000|0|0|0|0|0|0||||0|0|0|50|74|1,65|||1,22|50|74|7,6|||5,62|55|
|C170|11|105687|COQUETEL COROTE CANELINHA 12X5|2|Dz|74|0|0|060|1403|1403000|0|0|0|0|0|0||||0|0|0|50|74|1,65|||1,22|50|74|7,6|||5,62|55|
|C170|12|80646|COQ COROTE TUTTI FRUTTI 12X500|3|Dz|111|0|0|060|1403|1403000|0|0|0|0|0|0||||0|0|0|50|111|1,65|||1,83|50|111|7,6|||8,44|55|
|C170|13|80647|COQUETEL COROTE PESSEGO 12X500|2|Dz|74|0|0|060|1403|1403000|0|0|0|0|0|0||||0|0|0|50|74|1,65|||1,22|50|74|7,6|||5,62|55|
|C170|14|80649|COQUETEL COROTE MARACUJA 12X50|4|Dz|148|0|0|060|1403|1403000|0|0|0|0|0|0||||0|0|0|50|148|1,65|||2,44|50|148|7,6|||11,25|55|
|C170|15|80648|COQUETEL COROTE LIMAO 12X500 M|10|Dz|370|0|0|060|1403|1403000|0|0|0|0|0|0||||0|0|0|50|370|1,65|||6,11|50|370|7,6|||28,12|55|
|C170|16|86708|COQUETEL COROTE MORANGO 12X500|10|Dz|370|0|0|060|1403|1403000|0|0|0|0|0|0||||0|0|0|50|370|1,65|||6,11|50|370|7,6|||28,12|55|
|C170|17|80645|COQUETEL COROTE BLUEBERRY 12X5|10|Dz|370|0|0|060|1403|1403000|0|0|0|0|0|0||||0|0|0|50|370|1,65|||6,11|50|370|7,6|||28,12|55|
|C100|0|1|4338|55|00|0|63780|43230107427039000139550000000637801190691826|27012023|27012023|4156,2|1|0|0|4156,2|0|0|0|0|4156,2|498,74|0|0|0|60,35|277,97|0|0|
|C110|135|Dif.Parcial do valor da operacao conforme Livro III, Art. 1o-K do decreto 37.699/97 Perc.Diferido: 29,41100 Valor Diferido: R$ 1.222,38 ICMS Diferido: R$ 207,80|
|C170|1|131646|SACOLA REC SOU ECO 40X50 2,5KG VERDE|120|FD|2790|0|0|051|1102|1102000|2790|17|334,8|0|0|0||||0|0|0|50|2455,2|1,65|||40,51|50|2455,2|7,6|||186,6|55|
|C170|2|206906|SACOLA REC SOU ECO 30X45 1,8KG VERDE|65|FD|1088,1|0|0|051|1102|1102000|1088,1|17|130,57|0|0|0||||0|0|0|50|957,53|1,65|||15,8|50|957,53|7,6|||72,77|55|
|C170|3|258565|SACOLA T VD 30X45 C/ 1,8KG Codigo de Barras: 07898952342896|15|FD|278,1|0|0|051|1102|1102000|278,1|17|33,37|0|0|0||||0|0|0|50|244,73|1,65|||4,04|50|244,73|7,6|||18,6|55|
|C100|0|1|13594|55|00|5|98695|41230178141926000194550050000986951657054050|27012023|27012023|1997,17|1|0|0|1997,17|0|0|0|0|1997,17|239,66|0|0|0|29|133,57|0|0|
|C110|98|Rep: 146 - VENCATO E GRASSOTTI SERVICOS E REPRESENTACOES COMERCIAIS LTDA ME. Pedido: 91078.  Base de calculo de PIS e COFINS reduzida pela exclusao do ICMS destacado na NF. Conforme processo no 2007.70.09.000173-1/TRF, transitado em julgado na data de 25|
|C170|1|258796|Fosforo Parana Madeira Eco 40 c/10 (6x20)|2|FD|626,6|0|0|500|2102|2102000|626,6|12|75,19|0|0|0||||0|0|0|50|551,41|1,65|||9,1|50|551,41|7,6|||41,91|342|
|C170|2|258797|Fosforo Parana Longo Eco 200 Forno&Fogao (10x15)|2|CX|628,34|0|0|500|2102|2102000|628,34|12|75,4|0|0|0||||0|0|0|50|552,94|1,65|||9,12|50|552,94|7,6|||42,02|342|
|C170|3|258798|Palitos de Dente Parana Bambu c/100 un. (20x25)|3|CX|742,23|0|0|500|2102|2102000|742,23|12|89,07|0|0|0||||0|0|0|50|653,16|1,65|||10,78|50|653,16|7,6|||49,64|342|
|C100|0|1|172|55|00|1|64352|43230108866958000171550010000643521114781960|23012023|23012023|784|1|0|0|784|0|0|0|0|784|94,08|0|0|0|12,95|59,58|0|0|
|C110|7|.;FAVOR CONFERIR MERCADORIAS NO ATO DA ENTREGA, NAO ACEITAMOS RECLAMACOES POSTERIORES. EM CASO DE AVARIA COLOCAR OBS NO CONHECIMENTO DA ENTREGA. GRATOS|
|C170|1|54057|FOUDANT DE LEITE 50GR C/20 BOA VISTA|10|DIS|235|0|0|051|1102|1102000|235|17|28,2|0|0|0||||0|0|0|50|235|1,65|||3,88|50|235|7,6|||17,86|55|
|C170|2|47524|TORRAO DE AMENDOIM 80G C/20|10|DIS|210|0|0|051|1102|1102000|210|17|25,2|0|0|0||||0|0|0|50|210|1,65|||3,47|50|210|7,6|||15,96|55|
|C170|3|258799|PE DE MOLEQUE PEZAO 270GR|60|und|204|0|0|051|1102|1102000|204|17|24,48|0|0|0||||0|0|0|50|204|1,65|||3,37|50|204|7,6|||15,5|55|
|C170|4|47525|ALFAJOR IVOTI 45GR C/ 18|2|DIS|44|0|0|000|1102|1102000|44|12|5,28|0|0|0||||0|0|0|50|44|1,65|||0,73|50|44|7,6|||3,34|55|
|C170|5|47529|PE DE MOCA 50GR C/20|2|DIS|35|0|0|051|1102|1102000|35|17|4,2|0|0|0||||0|0|0|50|35|1,65|||0,58|50|35|7,6|||2,66|55|
|C170|6|224694|ALFAJOR PREMIUM BLACK C/ 18|2|DIS|56|0|0|000|1102|1102000|56|12|6,72|0|0|0||||0|0|0|50|56|1,65|||0,92|50|56|7,6|||4,26|55|
|C100|0|1|13595|55|00|1|49|43230148144342000101550010000000491614924025|26012023|26012023|442,5|1|0|0|442,5|4|0|0|0|442,5|53,1|0|0|0|7,31|33,63|0|0|
|C110|129|Dif.Parcial do valor da operacao conforme Livro III, Art. 1o-K do decreto 37.699/97 Perc.Diferido: 29,41100 Valor Diferido: R$ 130,14 ICMS Diferido: R$ 22,12|
|C170|1|258800|SACO P/ LIXO 100 LTS 75 X 106 X 0038 PRETO C/ 5 UN - ROLO|250|PA|442,5|0|0|051|1102|1102000|442,5|17|53,1|0|0|0||||0|0|0|50|442,5|1,65|||7,3|50|442,5|7,6|||33,63|55|
|C100|0|1|195|55|00|1|2627|43230120538845000142550010000026271682922137|26012023|26012023|648|0|0|0|648|0|0|0|0|648|77,76|0|0|0|10,7|49,25|0|0|
|C110|111|md5 : A9222D08D6E38AA06ED6877F2F9B3A54;|
|C170|1|258783|PACOCA DE AMENDOIM D 1X12X22UNX1,100KG|3|CX|648|0|0|051|1102|1102000|648|17|77,76|0|0|0||||0|0|0|50|648|1,65|||10,69|50|648|7,6|||49,25|55|
|C100|0|1|13582|55|00|1|56556|43230107624194000145550010000565561428525106|24012023|24012023|2200|1|0|0|2200|0|0|0|0|1283,33|154|0|0|0|36,3|167,2|0|0|
|C110|165|BASE DE CALCULO REDUZIDA CFE. LIVRO I, ART. 23, LX, B, DO RICMS/RS Trib aprox: Fed.= R$ 172,70 Total= R$ 172,70(7,85%) Fonte: IBPT/empresometro.com.br 8F6CA7|
|C170|1|258563|ERVA-MATE A GRANEL 10 KG|200|KG|1000|0|0|020|1102|1102000|583,33|12|70|0|0|0||||0|0|0|50|1000|1,65|||16,5|50|1000|7,6|||76|55|
|C170|2|258556|ERVA-MATE 1 KG|60|Un|360|0|0|020|1102|1102000|210|12|25,2|0|0|0||||0|0|0|50|360|1,65|||5,94|50|360|7,6|||27,36|55|
|C170|3|258557|ERVA-MATE 1/2 KG|90|Un|540|0|0|020|1102|1102000|315|12|37,8|0|0|0||||0|0|0|50|540|1,65|||8,91|50|540|7,6|||41,04|55|
|C170|4|258561|ERVA-MATE COM CHA 1/2KG|30|Un|180|0|0|020|1102|1102000|105|12|12,6|0|0|0||||0|0|0|50|180|1,65|||2,97|50|180|7,6|||13,68|55|
|C170|5|258562|ERVA-MATE COM MENTA 1/2KG|20|Un|120|0|0|020|1102|1102000|70|12|8,4|0|0|0||||0|0|0|50|120|1,65|||1,98|50|120|7,6|||9,12|55|
|C100|0|1|2168|55|00|1|76833|35230101455222000161550010000768331001174506|24012023|24012023|1184,75|1|0|0|1184,75|0|0|0|0|1184,75|142,17|0|0|0|17,21|79,24|0|0|
|C110|159|Entrega: AV CEL THEODOMIRO PORTO DA FONSECA 1657 Bairro:PASQUALINI SAPUCAIA DO SUL RS CEP : 93224665 Observacao: Data Coleta: 01/01/1900 Contato: TATIANE N Coleta: 49033 Frete: 137,34 Localizacao: 3 - 329 Pedido s de Venda: 114650-It.1,22 Pedido de Compra|
|C170|1|258841|FILM EMB.ALM TUBETE 28 CM X 10 M 35|875|Un|533,97|0|0|000|2102|2102000|533,97|12|64,08|0|0|0||||0|0|0|50|469,89|1,65|||7,75|50|469,89|7,6|||35,71|342|
|C170|2|258842|FILM EMB.ALM TUBETE 28 CM X 15 M 35|875|Un|650,78|0|0|000|2102|2102000|650,78|12|78,09|0|0|0||||0|0|0|50|572,69|1,65|||9,45|50|572,69|7,6|||43,52|342|
|C100|0|1|5099|55|00|1|15113|43230105529038000170550010000151131798281063|30012023|30012023|1775,4|1|0|0|1775,4|3|0|0|0|1775,4|213,05|0|0|0|25,78|118,74|0|0|
|C110|85|Dif.Parcial do valor da operacao conforme Livro III, Art. 1o-K do decreto 37.699/97|
|C170|1|47138|PRATO 21CM BRANCO 500 UN CX C/ 50 PCT C/10 UN CADA|20|CX|1775,4|0|0|051|1102|1102000|1775,4|17|213,05|0|0|0||||0|0|0|50|1562,35|1,65|||25,78|50|1562,35|7,6|||118,74|55|
|C100|0|1|1220|55|00|0|31508|35230103242201000193550000000315081811705447|24012023|24012023|3798|1|0|0|3798|0|0|0|0|3384|406,08|0|0|0|57,59|264,96|0|0|
|C110|156|.DECLARO QUE OS PRODUTOS PERIGOSOS ESTAO ADEQUADAMENTE CLASSIFICADOS, EMBALADOS, IDENTIFICADOS, E ESTIVADOS PARA SUPORTAR OS RISCOS DAS OPERACOES DE TRANSPORTE E QUE ATENDEM AS EXIGENCIAS DA REGULAMENTACAO. PLACA VEICULO: FBR1858. ALCOOL ETILICO HIDRATADO|
|C170|1|16984|ALCOOL ETILICO HIDRATADO INSTITUCIONAL FLOPS (96GL) 92,8 INPM 12X500ML|94|CX|3384|0|0|000|2102|2102000|3384|12|406,08|0|0|0||||0|0|0|99|3384|1,5|||50,76|99|3384|6,9|||233,5|342|
|C170|2|12351|QUEROSENE FLOPS PET 12X500ML|6|CX|414|0|0|060|2403|2403000|0|0|0|0|0|0||||0|0|0|50|414|1,65|||6,83|50|414|7,6|||31,46|342|
|C100|0|1|13582|55|00|1|56663|43230107624194000145550010000566631053113153|31012023|31012023|700|1|0|0|700|0|0|0|0|408,33|49|0|0|0|11,55|53,2|0|0|
|C110|148|BASE DE CALCULO REDUZIDA CFE. LIVRO I, ART. 23, LX, B, DO RICMS/RS Trib aprox: Fed.= R$ 54,95 Total= R$ 54,95(7,85%) Fonte: IBPT/empresometro.com.br 8F6CA7|
|C170|1|258556|ERVA-MATE 1 KG|50|Un|300|0|0|020|1102|1102000|175|12|21|0|0|0||||0|0|0|50|300|1,65|||4,95|50|300|7,6|||22,8|55|
|C170|2|258557|ERVA-MATE 1/2 KG|100|Un|400|0|0|020|1102|1102000|233,33|12|28|0|0|0||||0|0|0|50|400|1,65|||6,6|50|400|7,6|||30,4|55|
|C100|0|1|13595|55|00|1|59|43230148144342000101550010000000591126036542|31012023|31012023|2310,18|1|0|0|2310,18|4|0|0|0|2310,18|277,2|0|0|0|38,12|175,58|0|0|
|C110|154|Dif.Parcial do valor da operacao conforme Livro III, Art. 1o-K do decreto 37.699/97 Perc.Diferido: 29,41100 Valor Diferido: R$ 679,44 ICMS Diferido: R$ 115,49|
|C170|1|258843|SACO P/ LIXO 100 LTS 75 X 106 X 0038 PRETO C/ 5 UN|650|PA|1150,5|0|0|051|1102|1102000|1150,5|17|138,06|0|0|0||||0|0|0|50|1150,5|1,65|||18,98|50|1150,5|7,6|||87,44|55|
|C170|2|258844|SACO P/ LIXO 30 LTS 59 X 63 X 0027 PRETO C/ 10 UN|62|PA|74,4|0|0|051|1102|1102000|74,4|17|8,92|0|0|0||||0|0|0|50|74,4|1,65|||1,23|50|74,4|7,6|||5,65|55|
|C170|3|258845|SACO P/ LIXO 30 LTS 59 X 63 X 0027 PRETO C/ 10 UN - ROLO|62|PA|74,4|0|0|051|1102|1102000|74,4|17|8,92|0|0|0||||0|0|0|50|74,4|1,65|||1,23|50|74,4|7,6|||5,65|55|
|C170|4|258846|SACO P/ LIXO 50 LTS 63 X 81 X 0027 PRETO C/ 10 UN - ROLO|437|PA|707,94|0|0|051|1102|1102000|707,94|17|84,95|0|0|0||||0|0|0|50|707,94|1,65|||11,68|50|707,94|7,6|||53,8|55|
|C170|5|258847|SACO P/ LIXO 50 LTS 63 X 81 X 0027 PRETO C/ 10 UN|187|PA|302,94|0|0|051|1102|1102000|302,94|17|36,35|0|0|0||||0|0|0|50|302,94|1,65|||5|50|302,94|7,6|||23,02|55|
|C100|1|0|145|55|00|0|6684|43230109624855000168550000000066841649215383|31012023|31012023|1055,94|1|0|0|1055,94|0|0|0|0|934,85|136,64|0|0|0|16,15|74,36|0|0|
|C110|167|Pedido(s):36118;Vendedor:VENDAS;SAPUCAIA DO SUL - RS;Aplicado " Diferimento parcial de 29,41176% do valor da operacao conformeLivroIII,TituloI, CapituloI, Secao II,Art.1oKdo RICMS.;RICMS/RS - LIVRO I, ARTIGO 23, INCISO LX, ALINEA "B"; LIVRO I, ARTIGO 27,|
|C170|1|2803|SACOLA REC. AMARELA 40X50 NINUS C/2,5 KG|5|FD|199,5|0|0|000|5102|5102000|199,5|17|33,92|0|0|0||||0|0|0|01|199,5|1,65|||3,29|01|199,5|7,6|||15,16|265|
|C170|2|2800|SACOLA REC. AMARELA 30X45 NINUS C/ 1,8KG|3|CX|86,7|0|0|000|5102|5102000|86,7|17|14,74|0|0|0||||0|0|0|01|86,7|1,65|||1,43|01|86,7|7,6|||6,59|265|
|C170|3|3000|SACOLA TOP 30X40 BRANCA CX COM 1.000 UN PLAMER|2|CX|109,8|0|0|000|5102|5102000|109,8|17|18,67|0|0|0||||0|0|0|01|109,8|1,65|||1,81|01|109,8|7,6|||8,34|265|
|C170|4|2525|ERVA MATE LAGO VERDE NATIVA 1 KG|10|Un|105|0|0|020|5102|5102000|61,25|12|7,35|0|0|0||||0|0|0|01|105|1,65|||1,73|01|105|7,6|||7,98|265|
|C170|5|2680|TAMPA POTE 200/250/150/400|20|Un|110|0|0|051|5102|5102000|110|17|13,2|0|0|0||||0|0|0|01|110|1,65|||1,82|01|110|7,6|||8,36|265|
|C170|6|2673|POTE TRANSPARENTE LISO 200ML C/50|20|Un|145,8|0|0|051|5102|5102000|145,8|17|17,5|0|0|0||||0|0|0|01|145,8|1,65|||2,41|01|145,8|7,6|||11,08|265|
|C170|7|2766|SACOLA BRANCA NINUS PARA PAO 40X50 C/800|1|CX|92,9|0|0|000|5102|5102000|92,9|17|15,79|0|0|0||||0|0|0|01|92,9|1,65|||1,53|01|92,9|7,6|||7,06|265|
|C170|8|2805|SACOLA VIP 30X40 BRANCA CX COM 1.000 UN PLAMER|1|CX|39,9|0|0|051|5102|5102000|39,9|17|4,79|0|0|0||||0|0|0|01|39,9|1,65|||0,66|01|39,9|7,6|||3,03|265|
|C170|9|2666|POTE REDONDO C/TP ART. P640 150ML SOBREMESA PPLAST|300|Un|60|0|0|051|5102|5102000|60|17|7,2|0|0|0||||0|0|0|01|60|1,65|||0,99|01|60|7,6|||4,56|265|
|C170|10|3470|EMB. RET. C/TP ART. PP08 16X9X4.8CM PPLAST|100|Un|29|0|0|051|5102|5102000|29|17|3,48|0|0|0||||0|0|0|01|29|1,65|||0,48|01|29|7,6|||2,2|265|
|C170|11|2453|ENERGETICO RED HORSE 1LT|6|Un|38,34|0|0|060|5405|5405000|0|0|0|0|0|0||||0|0|0|06|0|0|||0|06|0|0|||0|265|
|C170|12|2452|ENERGETICO RED HORSE 400ML|12|Un|39|0|0|060|5405|5405000|0|0|0|0|0|0||||0|0|0|06|0|0|||0|06|0|0|||0|265|
|C100|1|0|13583|55|00|0|6681|43230109624855000168550000000066811523472946|31012023|31012023|350,1|1|0|0|350,1|0|0|0|0|350,1|59,52|0|0|0|5,78|26,61|0|0|
|C110|162|Pedido(s):36086;Vendedor:VENDAS;SAPUCAIA DO SUL - RS;|
|C170|1|2906|LUVA VINIL VABENE C/PO GG C/100UN|10|Un|350,1|0|0|000|5102|5102000|350,1|17|59,52|0|0|0||||0|0|0|01|350,1|1,65|||5,78|01|350,1|7,6|||26,61|265|
|C100|1|0|13583|55|00|0|6682|43230109624855000168550000000066821367326159|31012023|31012023|491|1|0|0|491|0|0|0|0|449,87|54|0|0|0|8,11|37,3|0|0|
|C110|172|Pedido(s):36085;Vendedor:VENDAS;SAPUCAIA DO SUL - RS;Aplicado " Diferimento parcial de 29,41176% do valor da operacao conformeLivroIII,TituloI, CapituloI, Secao II,Art.1oKdo RICMS.;RICMS/RS - LIVRO I, ARTIGO 23, INCISO LX, ALINEA "B"; LIVRO I, ARTIGO 27,|
|C170|1|2560|FERMENTO TOK 30X10GR|1|CX|24,9|0|0|051|5102|5102000|24,9|17|2,99|0|0|0||||0|0|0|01|24,9|1,65|||0,41|01|24,9|7,6|||1,89|265|
|C170|2|2709|TORRAO IDEAL POTE C/22 (PACOCA AMENDOIM)|1|Un|26,5|0|0|051|5102|5102000|26,5|17|3,18|0|0|0||||0|0|0|01|26,5|1,65|||0,44|01|26,5|7,6|||2,01|265|
|C170|3|3206|SACO DE LIXO 15 LT LIX FLEX C/20 UNID ALMOFADA|25|Un|67,25|0|0|051|5102|5102000|67,25|17|8,07|0|0|0||||0|0|0|01|67,25|1,65|||1,11|01|67,25|7,6|||5,11|265|
|C170|4|3207|SACO DE LIXO 30 LT LIX FLEX C/10 UNID ALMOFADA|25|Un|67,25|0|0|051|5102|5102000|67,25|17|8,07|0|0|0||||0|0|0|01|67,25|1,65|||1,11|01|67,25|7,6|||5,11|265|
|C170|5|3283|SABAO IMPERIAL GLICERINA JUNIOR 200GR|12|Un|37,8|0|0|051|5102|5102000|37,8|17|4,54|0|0|0||||0|0|0|01|37,8|1,65|||0,62|01|37,8|7,6|||2,87|265|
|C170|6|2448|COADOR DE PANO PARA CAFE|12|Un|17,88|0|0|051|5102|5102000|17,88|17|2,15|0|0|0||||0|0|0|01|17,88|1,65|||0,3|01|17,88|7,6|||1,36|265|
|C170|7|2025|BATATA PALHA KEVYTOS 70GR|30|Un|94,5|0|0|051|5102|5102000|94,5|17|11,34|0|0|0||||0|0|0|01|94,5|1,65|||1,56|01|94,5|7,6|||7,18|265|
|C170|8|2352|AMIDO DE MILHO TOK-ZENA 200GR|6|Un|16,74|0|0|051|5102|5102000|16,74|17|2,01|0|0|0||||0|0|0|01|16,74|1,65|||0,28|01|16,74|7,6|||1,27|265|
|C170|9|2600|CATCHUP PICANTE ODERICH 200GR|12|Un|39,48|0|0|051|5102|5102000|39,48|17|4,74|0|0|0||||0|0|0|01|39,48|1,65|||0,65|01|39,48|7,6|||3|265|
|C170|10|2502|ERVA MATE 87 500GR TRADICIONAL|6|Un|41,7|0|0|020|5102|5102000|24,32|12|2,92|0|0|0||||0|0|0|01|41,7|1,65|||0,69|01|41,7|7,6|||3,17|265|
|C170|11|2508|ERVA MATE LAGO VERDE NATIVA 500GR|10|Un|57|0|0|020|5102|5102000|33,25|12|3,99|0|0|0||||0|0|0|01|57|1,65|||0,94|01|57|7,6|||4,33|265|
|C100|1|0|11950|55|00|0|6679|43230109624855000168550000000066791867649202|31012023|31012023|952,26|1|0|0|952,26|0|0|0|0|480,34|57,64|0|0|0|15,28|70,3|0|0|
|C110|143|Pedido(s):36041;Vendedor:VENDAS;SAPUCAIA DO SUL - RS;L.III,ART.1-K.DIF. PARCIAL NAO ESPECIFICADO;Aplicado " Diferimento parcial de 29,41176% do valor da operacao conformeLivroIII,TituloI, CapituloI, Secao II,Art.1oKdo RICMS.;BASE ICMS ST RETIDO:422,79 VAL|
|C170|1|2988|VINAGRE DE ALCOOL WINNA 500ML TRADICIONAL|6|Un|10,5|0|0|051|5102|5102000|10,5|17|1,26|0|0|0||||0|0|0|01|10,5|1,65|||0,17|01|10,5|7,6|||0,8|265|
|C170|2|2016|ALCOOL FLOPS 500ML 92|12|Un|54|0|0|051|5102|5102000|54|17|6,48|0|0|0||||0|0|0|02|54|3,75|||2,02|02|54|17,25|||9,32|265|
|C170|3|2317|DESINFETANTE ACTUALY 2LT LAVANDA|6|Un|25,2|0|0|051|5102|5102000|25,2|17|3,02|0|0|0||||0|0|0|01|25,2|1,65|||0,42|01|25,2|7,6|||1,92|265|
|C170|4|3270|DESINFETANTE ACTUALY 2LT FLORAL|6|Un|25,2|0|0|051|5102|5102000|25,2|17|3,02|0|0|0||||0|0|0|01|25,2|1,65|||0,42|01|25,2|7,6|||1,92|265|
|C170|5|2853|SUCO POP FRUTA LARANJA 25GR - DP C/20|3|DP|38,7|0|0|051|5102|5102000|38,7|17|4,64|0|0|0||||0|0|0|01|38,7|1,65|||0,64|01|38,7|7,6|||2,94|265|
|C170|6|2352|AMIDO DE MILHO TOK-ZENA 200GR|12|Un|33,48|0|0|051|5102|5102000|33,48|17|4,02|0|0|0||||0|0|0|01|33,48|1,65|||0,55|01|33,48|7,6|||2,54|265|
|C170|7|2592|MISTURA BOLO SABOR LARANJA TOK 400GR|6|Un|22,14|0|0|051|5102|5102000|22,14|17|2,66|0|0|0||||0|0|0|01|22,14|1,65|||0,37|01|22,14|7,6|||1,68|265|
|C170|8|2590|MISTURA BOLO SABOR COCO TOK 400GR|6|Un|22,14|0|0|051|5102|5102000|22,14|17|2,66|0|0|0||||0|0|0|01|22,14|1,65|||0,37|01|22,14|7,6|||1,68|265|
|C170|9|2301|ACHOCOLATADO TOK 400GR|12|Un|51,48|0|0|051|5102|5102000|51,48|17|6,18|0|0|0||||0|0|0|01|51,48|1,65|||0,85|01|51,48|7,6|||3,91|265|
|C170|10|2248|CHA MADRUGADA CAMOMILA 1GR|10|Un|29,5|0|0|051|5102|5102000|29,5|17|3,54|0|0|0||||0|0|0|01|29,5|1,65|||0,49|01|29,5|7,6|||2,24|265|
|C170|11|2559|FERMENTO TOK 125GR|12|Un|73,2|0|0|051|5102|5102000|73,2|17|8,78|0|0|0||||0|0|0|01|73,2|1,65|||1,21|01|73,2|7,6|||5,56|265|
|C170|12|2556|FERMENTO MONOPOL 100GR POTE|12|Un|34,2|0|0|051|5102|5102000|34,2|17|4,1|0|0|0||||0|0|0|01|34,2|1,65|||0,56|01|34,2|7,6|||2,6|265|
|C170|13|2990|VINAGRE DE ALCOOL WINNA 750ML TRADICIONAL|12|Un|25,8|0|0|051|5102|5102000|25,8|17|3,1|0|0|0||||0|0|0|01|25,8|1,65|||0,43|01|25,8|7,6|||1,96|265|
|C170|14|2894|ALUMINIO 30CM X 4 METROS|12|Un|34,8|0|0|051|5102|5102000|34,8|17|4,18|0|0|0||||0|0|0|01|34,8|1,65|||0,57|01|34,8|7,6|||2,64|265|
|C170|15|2069|COROTE TUTTI FRUTTI 500ML|6|Un|23,94|0|0|060|5405|5405000|0|0|0|0|0|0||||0|0|0|01|23,94|1,65|||0,4|01|23,94|7,6|||1,82|265|
|C170|16|3286|PAPEL HIGIENICO FOLHA DUPLA DUETTO NEUTRO 30M C/4|16|Un|95,84|0|0|060|5405|5405000|0|0|0|0|0|0||||0|0|0|06|0|0|||0|06|0|0|||0|265|
|C170|17|2341|SIDRA FIRE PREMIUM RED FRUITS 660ML|12|Un|106,8|0|0|060|5405|5405000|0|0|0|0|0|0||||0|0|0|01|106,8|1,65|||1,76|01|106,8|7,6|||8,12|265|
|C170|18|2066|COROTE MENTA 500ML|6|Un|23,94|0|0|060|5405|5405000|0|0|0|0|0|0||||0|0|0|01|23,94|1,65|||0,4|01|23,94|7,6|||1,82|265|
|C170|19|1001|COROTE MORANGO 500ML|6|Un|23,94|0|0|060|5405|5405000|0|0|0|0|0|0||||0|0|0|01|23,94|1,65|||0,4|01|23,94|7,6|||1,82|265|
|C170|20|2030|CACHACA VELHA CARRETA 500ML|12|Un|35,88|0|0|060|5405|5405000|0|0|0|0|0|0||||0|0|0|01|35,88|1,65|||0,59|01|35,88|7,6|||2,73|265|
|C170|21|2347|CACHACA ADOCADA VELHO BARREIRO TRADICIONAL 910 ML|6|Un|71,7|0|0|060|5405|5405000|0|0|0|0|0|0||||0|0|0|01|71,7|1,65|||1,18|01|71,7|7,6|||5,45|265|
|C170|22|2031|CANA 7 CAMPOS 966ML|12|Un|89,88|0|0|060|5405|5405000|0|0|0|0|0|0||||0|0|0|01|89,88|1,65|||1,48|01|89,88|7,6|||6,83|265|
|C100|1|0|4986|55|00|0|6680|43230109624855000168550000000066801525469996|31012023|31012023|204,15|1|0|0|204,15|0|0|0|0|184,36|22,12|0|0|0|2,62|12,11|0|0|
|C110|158|Pedido(s):36070;Vendedor:VENDAS;SAPUCAIA DO SUL - RS;L.III,ART.1-K.DIF. PARCIAL NAO ESPECIFICADO;RICMS/RS - LIVRO I, ARTIGO 23, INCISO LX, ALINEA "B"; LIVRO I, ARTIGO 27, INCISO V E APENDICE I, SECAO II. ;|
|C170|1|3215|LUVA VINIFLEX VABENE G C/ 100UN|10|Un|111,8|0|0|051|5102|5102000|111,8|17|13,42|0|0|0||||0|0|0|01|111,8|1,65|||1,84|01|111,8|7,6|||8,5|265|
|C170|2|3424|QUEIJO RALADO TUPY 40GR|15|Un|44,85|0|0|051|5102|5102000|44,85|17|5,38|0|0|0||||0|0|0|06|0|0|||0|06|0|0|||0|265|
|C170|3|2509|ERVA MATE LAGO VERDE SOLTA C/5KG|1|FD|47,5|0|0|020|5102|5102000|27,71|12|3,32|0|0|0||||0|0|0|01|47,5|1,65|||0,78|01|47,5|7,6|||3,61|265|
|C100|1|0|13584|55|00|0|6675|43230109624855000168550000000066751418160908|30012023|30012023|679,78|1|0|0|679,78|0|0|0|0|614,09|101,48|0|0|0|11,23|51,67|0|0|
|C110|166|Pedido(s):36032;Vendedor:VENDAS;SAPUCAIA DO SUL - RS;RICMS/RS - LIVRO I, ARTIGO 23, INCISO LX, ALINEA "B"; LIVRO I, ARTIGO 27, INCISO V E APENDICE I, SECAO II. ;|
|C170|1|3216|LUVA VINIFLEX VABENE GG C/ 100UN|10|Un|120,6|0|0|000|5102|5102000|120,6|17|20,5|0|0|0||||0|0|0|01|120,6|1,65|||1,99|01|120,6|7,6|||9,17|265|
|C170|2|2402|VELA SANDERO N.4 BRANCA (18G)|24|Un|119,76|0|0|000|5102|5102000|119,76|17|20,36|0|0|0||||0|0|0|01|119,76|1,65|||1,98|01|119,76|7,6|||9,1|265|
|C170|3|2508|ERVA MATE LAGO VERDE NATIVA 500GR|4|Un|22,8|0|0|020|5102|5102000|13,3|12|1,6|0|0|0||||0|0|0|01|22,8|1,65|||0,38|01|22,8|7,6|||1,73|265|
|C170|4|2505|ERVA MATE LAGO VERDE COMPOSTA 500GR|4|Un|28,4|0|0|020|5102|5102000|16,57|12|1,99|0|0|0||||0|0|0|01|28,4|1,65|||0,47|01|28,4|7,6|||2,16|265|
|C170|5|3465|EMBALAGEM ECO. RETANG. ARTIC. V20 VIERPACK|50|Un|29,5|0|0|000|5102|5102000|29,5|17|5,02|0|0|0||||0|0|0|01|29,5|1,65|||0,49|01|29,5|7,6|||2,24|265|
|C170|6|2807|SACOLA VIP 38X48 BRANCA CX C/1000 - PLAMER|1|CX|64,9|0|0|000|5102|5102000|64,9|17|11,03|0|0|0||||0|0|0|01|64,9|1,65|||1,07|01|64,9|7,6|||4,93|265|
|C170|7|2805|SACOLA VIP 30X40 BRANCA CX COM 1.000 UN PLAMER|1|CX|39,9|0|0|000|5102|5102000|39,9|17|6,78|0|0|0||||0|0|0|01|39,9|1,65|||0,66|01|39,9|7,6|||3,03|265|
|C170|8|2509|ERVA MATE LAGO VERDE SOLTA C/5KG|1|FD|49|0|0|020|5102|5102000|28,58|12|3,43|0|0|0||||0|0|0|01|49|1,65|||0,81|01|49|7,6|||3,72|265|
|C170|9|2023|BATATA PALHA 70GR SANTA JUSTINA|10|Un|28,5|0|0|000|5102|5102000|28,5|17|4,85|0|0|0||||0|0|0|01|28,5|1,65|||0,47|01|28,5|7,6|||2,17|265|
|C170|10|2613|MOLHO DE TOMATE TRADICIONAL FUGINI 300GR|18|Un|24,3|0|0|000|5102|5102000|24,3|17|4,13|0|0|0||||0|0|0|01|24,3|1,65|||0,4|01|24,3|7,6|||1,85|265|
|C170|11|2611|MAIONESE STAND UP ODERICH 200G|12|Un|26,28|0|0|500|5102|5102000|26,28|17|4,47|0|0|0||||0|0|0|01|26,28|1,65|||0,43|01|26,28|7,6|||2|265|
|C170|12|3245|SACO DE LIXO 100LT LIX FLEX PRETO C/ 5 - ROLO|10|Un|28|0|0|000|5102|5102000|28|17|4,76|0|0|0||||0|0|0|01|28|1,65|||0,46|01|28|7,6|||2,13|265|
|C170|13|3207|SACO DE LIXO 30 LT LIX FLEX C/10 UNID ALMOFADA|10|Un|28|0|0|000|5102|5102000|28|17|4,76|0|0|0||||0|0|0|01|28|1,65|||0,46|01|28|7,6|||2,13|265|
|C170|14|3206|SACO DE LIXO 15 LT LIX FLEX C/20 UNID ALMOFADA|10|Un|28|0|0|000|5102|5102000|28|17|4,76|0|0|0||||0|0|0|01|28|1,65|||0,46|01|28|7,6|||2,13|265|
|C170|15|3292|GRANULADO CHOCOLATE DORI 70GR|10|Un|17,9|0|0|000|5102|5102000|17,9|17|3,04|0|0|0||||0|0|0|01|17,9|1,65|||0,3|01|17,9|7,6|||1,36|265|
|C170|16|3158|PAPEL TOALHA STYLUS 50 FOLHAS - PACOTE 2 UNID|6|Un|23,94|0|0|060|5405|5405000|0|0|0|0|0|0||||0|0|0|01|23,94|1,65|||0,4|01|23,94|7,6|||1,82|265|
|C100|1|0|4236|55|00|0|6674|43230109624855000168550000000066741869456448|30012023|30012023|245,7|1|0|0|245,7|0|0|0|0|245,7|29,48|0|0|0|4,05|18,67|0|0|
|C110|149|Pedido(s):36084;Vendedor:VENDAS;SAPUCAIA DO SUL - RS;L.III,ART.1-K.DIF. PARCIAL NAO ESPECIFICADO;|
|C170|1|3215|LUVA VINIFLEX VABENE G C/ 100UN|10|Un|245,7|0|0|051|5102|5102000|245,7|17|29,48|0|0|0||||0|0|0|01|245,7|1,65|||4,05|01|245,7|7,6|||18,67|265|
|C100|1|0||55|02|0|6678|43230109624855000168550000000066781657963426|||||||||||||||||||||
|C100|1|0|4128|55|00|0|6673|43230109624855000168550000000066731883593956|30012023|30012023|613|1|0|0|613|0|0|0|0|613|73,56|0|0|0|10,11|46,59|0|0|
|C110|146|Pedido(s):36077;Vendedor:VENDAS;SAPUCAIA DO SUL - RS;Aplicado " Diferimento parcial de 29,41176% do valor da operacao conformeLivroIII,TituloI, CapituloI, Secao II,Art.1oKdo RICMS.;|
|C170|1|2405|VELA SANDERO 7 DIAS BRANCA (235G)|50|Un|613|0|0|051|5102|5102000|613|17|73,56|0|0|0||||0|0|0|01|613|1,65|||10,11|01|613|7,6|||46,59|265|
|C100|1|0|1578|55|00|0|6668|43230109624855000168550000000066681028085877|28012023|28012023|853,8|1|0|0|853,74|0|0,06|0|0|853,8|102,46|0|0|0|14,08|64,89|0|0|
|C110|163|Pedido(s):35853;Vendedor:VENDAS;SAPUCAIA DO SUL - RS;L.III,ART.1-K.DIF. PARCIAL NAO ESPECIFICADO;Aplicado " Diferimento parcial de 29,41176% do valor da operacao conformeLivroIII,TituloI, CapituloI, Secao II,Art.1oKdo RICMS.;VALOR APROXIMADO TRIBUTOS R$ 4|
|C170|1|2671|POTE TRANSPARENTE 100ML C/100|2|Un|15,98|0|0|051|5102|5102000|15,98|17|1,92|0|0|0||||0|0|0|01|15,98|1,65|||0,26|01|15,98|7,6|||1,21|265|
|C170|2|2681|TAMPA TRANSPARENTE POTE 100ML C/100|2|Un|13,5|0|0|051|5102|5102000|13,5|17|1,62|0|0|0||||0|0|0|01|13,5|1,65|||0,22|01|13,5|7,6|||1,03|265|
|C170|3|3369|COPO DESCART TRANSP 300 ML PP C/50 COPOZAN|2|Un|12,98|0|0|051|5102|5102000|12,98|17|1,56|0|0|0||||0|0|0|01|12,98|1,65|||0,21|01|12,98|7,6|||0,99|265|
|C170|4|3385|TAMPA TRANSP. COPO PP/PS 250-300-330ML C/50UN COPOZAN|2|Un|11,98|0|0|051|5102|5102000|11,98|17|1,44|0|0|0||||0|0|0|01|11,98|1,65|||0,2|01|11,98|7,6|||0,91|265|
|C170|5|2807|SACOLA VIP 38X48 BRANCA CX C/1000 - PLAMER|1|CX|62,9|0|0|051|5102|5102000|62,9|17|7,55|0|0|0||||0|0|0|01|62,9|1,65|||1,04|01|62,9|7,6|||4,78|265|
|C170|6|2579|BANDEJA EPS MOD. FR01 TAM. 15X15X1,5CM|100|Un|11|0|0|051|5102|5102000|11|17|1,32|0|0|0||||0|0|0|01|11|1,65|||0,18|01|11|7,6|||0,84|265|
|C170|7|3450|BANDEJA EPS MOD. FR04AB ROSA TAM. 15X27,5X2CM|200|Un|104|0|0|051|5102|5102000|104,01|17|12,48|0|0|0||||0|0|0|01|104|1,65|||1,72|01|104|7,6|||7,9|265|
|C170|8|2904|LUVA VINIL VABENE C/PO G C/100UN|20|Un|621,4|0|0|051|5102|5102000|621,45|17|74,57|0|0|0||||0|0|0|01|621,4|1,65|||10,25|01|621,4|7,6|||47,23|265|
|C100|1|0|424|55|00|0|6667|43230109624855000168550000000066671647304205|28012023|28012023|300|1|0|0|300|0|0|0|0|175|21|0|0|0|4,95|22,8|0|0|
|C110|169|Pedido(s):36040;Vendedor:VENDAS;SAPUCAIA DO SUL - RS;RICMS/RS - LIVRO I, ARTIGO 23, INCISO LX, ALINEA "B"; LIVRO I, ARTIGO 27, INCISO V E APENDICE I, SECAO II. ;|
|C170|1|2516|ERVA MATE ROSAMATE SOLTA C/10KG|4|FD|300|0|0|020|5102|5102000|175|12|21|0|0|0||||0|0|0|01|300|1,65|||4,95|01|300|7,6|||22,8|265|
|C100|1|0|432|55|00|0|6647|43230109624855000168550000000066471807418570|25012023|25012023|122,4|1|0|0|122,4|0|0|0|0|71,39|8,56|0|0|0|2,02|9,3|0|0|
|C110|157|Pedido(s):35722;Vendedor:VENDAS;SAPUCAIA DO SUL - RS;RICMS/RS - LIVRO I, ARTIGO 23, INCISO LX, ALINEA "B"; LIVRO I, ARTIGO 27, INCISO V E APENDICE I, SECAO II. ;|
|C170|1|2505|ERVA MATE LAGO VERDE COMPOSTA 500GR|10|Un|69,9|0|0|020|5102|5102000|40,77|12|4,89|0|0|0||||0|0|0|01|69,9|1,65|||1,15|01|69,9|7,6|||5,31|265|
|C170|2|2524|ERVA MATE LAGO VERDE GROSSA 1 KG|5|Un|52,5|0|0|020|5102|5102000|30,62|12|3,67|0|0|0||||0|0|0|01|52,5|1,65|||0,87|01|52,5|7,6|||3,99|265|
|C100|1|0|8747|55|00|0|6672|43230109624855000168550000000066721050656116|30012023|30012023|178,4|1|0|0|178,4|0|0|0|0|137,57|16,51|0|0|0|2,95|13,56|0|0|
|C110|145|Pedido(s):36016;Vendedor:VENDAS;SAPUCAIA DO SUL - RS;Aplicado " Diferimento parcial de 29,41176% do valor da operacao conformeLivroIII,TituloI, CapituloI, Secao II,Art.1oKdo RICMS.;RICMS/RS - LIVRO I, ARTIGO 23, INCISO LX, ALINEA "B"; LIVRO I, ARTIGO 27,|
|C170|1|2557|FERMENTO MONOPOL 50X11GR|1|CX|32,5|0|0|051|5102|5102000|32,5|17|3,9|0|0|0||||0|0|0|01|32,5|1,65|||0,54|01|32,5|7,6|||2,47|265|
|C170|2|2561|FERMENTO TOK 60X10GR|1|CX|47,9|0|0|051|5102|5102000|47,9|17|5,75|0|0|0||||0|0|0|01|47,9|1,65|||0,79|01|47,9|7,6|||3,64|265|
|C170|3|2515|ERVA MATE LAGO VERDE SOLTA C/10KG|1|FD|98|0|0|020|5102|5102000|57,17|12|6,86|0|0|0||||0|0|0|01|98|1,65|||1,62|01|98|7,6|||7,45|265|
|C100|1|0|146|55|00|0|6646|43230109624855000168550000000066461295849286|25012023|25012023|107|1|0|0|107|0|0|0|0|62,42|7,49|0|0|0|1,77|8,13|0|0|
|C110|153|Pedido(s):35905;Vendedor:VENDAS;SAPUCAIA DO SUL - RS;RICMS/RS - LIVRO I, ARTIGO 23, INCISO LX, ALINEA "B"; LIVRO I, ARTIGO 27, INCISO V E APENDICE I, SECAO II. ;|
|C170|1|2532|ERVA MATE PURA FOLHA LAGO VERDE SOLTA C/10KG|1|FD|107|0|0|020|5102|5102000|62,42|12|7,49|0|0|0||||0|0|0|01|107|1,65|||1,77|01|107|7,6|||8,13|265|
|C100|1|0|13592|55|00|0|6676|43230109624855000168550000000066761581596350|30012023|30012023|562,7|1|0|0|562,7|0|0|0|0|562,7|95,66|0|0|0|9,28|42,77|0|0|
|C110|161|Pedido(s):36029;Vendedor:VENDAS;SAPUCAIA DO SUL - RS;|
|C170|1|2908|LUVA VINIL VABENE S/PO P C/100UN|10|Un|562,7|0|0|000|5102|5102000|562,7|17|95,66|0|0|0||||0|0|0|01|562,7|1,65|||9,28|01|562,7|7,6|||42,77|265|
|C100|1|0|8633|55|00|0|6664|43230109624855000168550000000066641504062923|27012023|27012023|109,6|1|0|0|109,6|0|0|0|0|109,6|13,15|0|0|0|1,81|8,33|0|0|
|C110|152|Pedido(s):35969;Vendedor:VENDAS;SAPUCAIA DO SUL - RS;Aplicado " Diferimento parcial de 29,41176% do valor da operacao conformeLivroIII,TituloI, CapituloI, Secao II,Art.1oKdo RICMS.;|
|C170|1|2675|POTE TRANSPARENTE 300ML C/50|10|Un|109,6|0|0|051|5102|5102000|109,6|17|13,15|0|0|0||||0|0|0|01|109,6|1,65|||1,81|01|109,6|7,6|||8,33|265|
|C100|1|0|4236|55|00|0|6683|43230109624855000168550000000066831532918840|31012023|31012023|55,9|1|0|0|55,9|0|0|0|0|55,9|6,71|0|0|0|0,92|4,25|0|0|
|C110|147|Pedido(s):36095;Vendedor:VENDAS;SAPUCAIA DO SUL - RS;Aplicado " Diferimento parcial de 29,41176% do valor da operacao conformeLivroIII,TituloI, CapituloI, Secao II,Art.1oKdo RICMS.;|
|C170|1|2635|PAPEL PEDRAS BRANCAS 3 KG|1|CX|55,9|0|0|051|5102|5102000|55,9|17|6,71|0|0|0||||0|0|0|01|55,9|1,65|||0,92|01|55,9|7,6|||4,25|265|
|C100|1|0|4236|55|00|0|6643|43230109624855000168550000000066431260801544|24012023|24012023|179,4|1|0|0|179,4|0|0|0|0|54,9|9,33|0|0|0|2,96|13,63|0|0|
|C110|151|Pedido(s):35858;Vendedor:VENDAS;SAPUCAIA DO SUL - RS;BASE ICMS ST RETIDO:135,57 VALOR ICMS RETIDO: 12,89;|
|C170|1|3468|SACOLA REEXT. 47X57 4,0KG VERDE MULTICOLOR LIPLAST|1|pct|54,9|0|0|000|5102|5102000|54,9|17|9,33|0|0|0||||0|0|0|01|54,9|1,65|||0,91|01|54,9|7,6|||4,17|265|
|C170|2|2629|TOALHA DE PAPEL INTERCALADA BRANCO PREM IMPISA 20X20CM - C/1.000|5|pct|124,5|0|0|060|5405|5405000|0|0|0|0|0|0||||0|0|0|01|124,5|1,65|||2,05|01|124,5|7,6|||9,46|265|
|C100|1|0|145|55|00|0|6658|43230109624855000168550000000066581514389359|26012023|26012023|904,6|1|0|0|904,6|0|0|0|0|827,45|123,75|0|0|0|13,93|64,23|0|0|
|C110|170|Pedido(s):35861;Vendedor:VENDAS;SAPUCAIA DO SUL - RS;Aplicado " Diferimento parcial de 29,41176% do valor da operacao conformeLivroIII,TituloI, CapituloI, Secao II,Art.1oKdo RICMS.;RICMS/RS - LIVRO I, ARTIGO 23, INCISO LX, ALINEA "B"; LIVRO I, ARTIGO 27,|
|C170|1|3076|SACOLA TOP 38X48 BRANCA CX. C/ 1000 - PLAMER|2|CX|179|0|0|051|5102|5102000|179|17|21,48|0|0|0||||0|0|0|01|179|1,65|||2,95|01|179|7,6|||13,6|265|
|C170|2|3000|SACOLA TOP 30X40 BRANCA CX COM 1.000 UN PLAMER|2|CX|109,8|0|0|000|5102|5102000|109,8|17|18,67|0|0|0||||0|0|0|01|109,8|1,65|||1,81|01|109,8|7,6|||8,34|265|
|C170|3|2803|SACOLA REC. AMARELA 40X50 NINUS C/2,5 KG|5|FD|199,5|0|0|000|5102|5102000|199,5|17|33,92|0|0|0||||0|0|0|01|199,5|1,65|||3,29|01|199,5|7,6|||15,16|265|
|C170|4|2800|SACOLA REC. AMARELA 30X45 NINUS C/ 1,8KG|3|CX|86,7|0|0|000|5102|5102000|86,7|17|14,74|0|0|0||||0|0|0|01|86,7|1,65|||1,43|01|86,7|7,6|||6,59|265|
|C170|5|2561|FERMENTO TOK 60X10GR|1|CX|47,9|0|0|051|5102|5102000|47,9|17|5,75|0|0|0||||0|0|0|01|47,9|1,65|||0,79|01|47,9|7,6|||3,64|265|
|C170|6|2506|ERVA MATE LAGO VERDE COMPOSTA MENTA 500G|6|Un|42,6|0|0|020|5102|5102000|24,85|12|2,98|0|0|0||||0|0|0|01|42,6|1,65|||0,7|01|42,6|7,6|||3,24|265|
|C170|7|2635|PAPEL PEDRAS BRANCAS 3 KG|1|CX|55,9|0|0|051|5102|5102000|55,9|17|6,71|0|0|0||||0|0|0|01|55,9|1,65|||0,92|01|55,9|7,6|||4,25|265|
|C170|8|2625|PAPEL P/ SALGADO BRANCO 40X22 C/500|1|pct|30,9|0|0|051|5102|5102000|30,9|17|3,71|0|0|0||||0|0|0|01|30,9|1,65|||0,51|01|30,9|7,6|||2,35|265|
|C170|9|2766|SACOLA BRANCA NINUS PARA PAO 40X50 C/800|1|CX|92,9|0|0|000|5102|5102000|92,9|17|15,79|0|0|0||||0|0|0|01|92,9|1,65|||1,53|01|92,9|7,6|||7,06|265|
|C170|10|2454|ENERGETICO RED HORSE 2LT|6|Un|59,4|0|0|060|5405|5405000|0|0|0|0|0|0||||0|0|0|06|0|0|||0|06|0|0|||0|265|
|C100|1|0|4236|55|00|0|6644|43230109624855000168550000000066441757047261|24012023|24012023|98|1|0|0|98|0|0|0|0|57,17|6,86|0|0|0|1,62|7,45|0|0|
|C110|173|Pedido(s):35857;Vendedor:VENDAS;SAPUCAIA DO SUL - RS;RICMS/RS - LIVRO I, ARTIGO 23, INCISO LX, ALINEA "B"; LIVRO I, ARTIGO 27, INCISO V E APENDICE I, SECAO II. ;|
|C170|1|2515|ERVA MATE LAGO VERDE SOLTA C/10KG|1|FD|98|0|0|020|5102|5102000|57,17|12|6,86|0|0|0||||0|0|0|01|98|1,65|||1,62|01|98|7,6|||7,45|265|
|C100|1|0|447|55|00|0|6663|43230109624855000168550000000066631307367910|27012023|27012023|157|1|0|0|157|0|0|0|0|157|18,84|0|0|0|2,59|11,93|0|0|
|C110|171|Pedido(s):35928;Vendedor:VENDAS;SAPUCAIA DO SUL - RS;Aplicado " Diferimento parcial de 29,41176% do valor da operacao conformeLivroIII,TituloI, CapituloI, Secao II,Art.1oKdo RICMS.;|
|C170|1|3177|SACO DE LIXO 100LT LIX FLEX C/5 UNID ALMOFADA|50|Un|124,5|0|0|051|5102|5102000|124,5|17|14,94|0|0|0||||0|0|0|01|124,5|1,65|||2,05|01|124,5|7,6|||9,46|265|
|C170|2|2919|PALITOS DE DENTE PARANA BAMBU 25CX DE 100 UN.|2|DP|32,5|0|0|051|5102|5102000|32,5|17|3,9|0|0|0||||0|0|0|01|32,5|1,65|||0,54|01|32,5|7,6|||2,47|265|
|C100|1|0|2282|55|00|0|6645|43230109624855000168550000000066451602577892|24012023|24012023|140,96|1|0|0|140,96|0|0|0|0|100,13|12,02|0|0|0|2,33|10,71|0|0|
|C110|144|Pedido(s):35854;Vendedor:VENDAS;SAPUCAIA DO SUL - RS;Aplicado " Diferimento parcial de 29,41176% do valor da operacao conformeLivroIII,TituloI, CapituloI, Secao II,Art.1oKdo RICMS.;RICMS/RS - LIVRO I, ARTIGO 23, INCISO LX, ALINEA "B"; LIVRO I, ARTIGO 27,|
|C170|1|2829|GELATINA SEM SABOR MADRUGADA 8GR|24|Un|42,96|0|0|051|5102|5102000|42,96|17|5,16|0|0|0||||0|0|0|01|42,96|1,65|||0,71|01|42,96|7,6|||3,26|265|
|C170|2|2515|ERVA MATE LAGO VERDE SOLTA C/10KG|1|FD|98|0|0|020|5102|5102000|57,17|12|6,86|0|0|0||||0|0|0|01|98|1,65|||1,62|01|98|7,6|||7,45|265|
|C100|1|0|4986|55|00|0|6642|43230109624855000168550000000066421037857333|24012023|24012023|179,5|1|0|0|179,5|0|0|0|0|179,5|30,52|0|0|0|2,97|13,63|0|0|
|C110|155|Pedido(s):35826;Vendedor:VENDAS;SAPUCAIA DO SUL - RS;|
|C170|1|2163|BOBINA PLASTICA 5KG MB 28X41CM|2|Un|59,8|0|0|000|5102|5102000|59,8|17|10,17|0|0|0||||0|0|0|01|59,8|1,65|||0,99|01|59,8|7,6|||4,54|265|
|C170|2|2740|SACOLA REC. 40X50 SOU ECO VERDE 2,5KG|3|FD|95,7|0|0|000|5102|5102000|95,7|17|16,27|0|0|0||||0|0|0|01|95,7|1,65|||1,58|01|95,7|7,6|||7,27|265|
|C170|3|2727|SACOLA REC. 30X40 SOU ECO VERDE C/ 1,8KG|1|CX|24|0|0|000|5102|5102000|24|17|4,08|0|0|0||||0|0|0|01|24|1,65|||0,4|01|24|7,6|||1,82|265|
|C100|1|0|719|55|00|0|6666|43230109624855000168550000000066661431243901|28012023|28012023|994,01|1|0|0|994,01|0|0|0|0|893,2|107,19|0|0|0|18,56|85,48|0|0|
|C110|160|Pedido(s):36038;Vendedor:VENDAS;SAPUCAIA DO SUL - RS;L.III,ART.1-K.DIF. PARCIAL NAO ESPECIFICADO;Aplicado " Diferimento parcial de 29,41176% do valor da operacao conformeLivroIII,TituloI, CapituloI, Secao II,Art.1oKdo RICMS.;RICMS/RS - LIVRO I, ARTIGO 23,|
|C170|1|2525|ERVA MATE LAGO VERDE NATIVA 1 KG|10|Un|105|0|0|020|5102|5102000|61,25|12|7,35|0|0|0||||0|0|0|01|105|1,65|||1,73|01|105|7,6|||7,98|265|
|C170|2|2502|ERVA MATE 87 500GR TRADICIONAL|6|Un|41,94|0|0|020|5102|5102000|24,46|12|2,94|0|0|0||||0|0|0|01|41,94|1,65|||0,69|01|41,94|7,6|||3,19|265|
|C170|3|2016|ALCOOL FLOPS 500ML 92|24|Un|102,96|0|0|051|5102|5102000|102,96|17|12,36|0|0|0||||0|0|0|02|102,96|3,75|||3,86|02|102,96|17,25|||17,76|265|
|C170|4|2352|AMIDO DE MILHO TOK-ZENA 200GR|24|Un|66,96|0|0|051|5102|5102000|66,96|17|8,04|0|0|0||||0|0|0|01|66,96|1,65|||1,1|01|66,96|7,6|||5,09|265|
|C170|5|3292|GRANULADO CHOCOLATE DORI 70GR|30|Un|53,7|0|0|051|5102|5102000|53,7|17|6,44|0|0|0||||0|0|0|01|53,7|1,65|||0,89|01|53,7|7,6|||4,08|265|
|C170|6|2896|PAPEL ALUMINIO 45CM X 4 M VABENE|25|Un|107,25|0|0|051|5102|5102000|107,25|17|12,87|0|0|0||||0|0|0|01|107,25|1,65|||1,77|01|107,25|7,6|||8,15|265|
|C170|7|2025|BATATA PALHA KEVYTOS 70GR|60|Un|189|0|0|051|5102|5102000|189|17|22,68|0|0|0||||0|0|0|01|189|1,65|||3,12|01|189|7,6|||14,36|265|
|C170|8|2613|MOLHO DE TOMATE TRADICIONAL FUGINI 300GR|180|Un|232,2|0|0|051|5102|5102000|232,2|17|27,86|0|0|0||||0|0|0|01|232,2|1,65|||3,83|01|232,2|7,6|||17,65|265|
|C170|9|2515|ERVA MATE LAGO VERDE SOLTA C/10KG|1|FD|95|0|0|020|5102|5102000|55,42|12|6,65|0|0|0||||0|0|0|01|95|1,65|||1,57|01|95|7,6|||7,22|265|
|C100|1|0|447|55|00|0|6662|43230109624855000168550000000066621053648630|27012023|27012023|734,73|1|0|0|734,73|0|0|0|0|408,57|49,02|0|0|0|12,11|55,84|0|0|
|C110|103|Pedido(s):35928;Vendedor:VENDAS;SAPUCAIA DO SUL - RS;Aplicado " Diferimento parcial de 29,41176% do valor da operacao conformeLivroIII,TituloI, CapituloI, Secao II,Art.1oKdo RICMS.;RICMS/RS - LIVRO I, ARTIGO 23, INCISO LX, ALINEA "B"; LIVRO I, ARTIGO 27,|
|C170|1|2502|ERVA MATE 87 500GR TRADICIONAL|10|Un|69,9|0|0|020|5102|5102000|40,77|12|4,89|0|0|0||||0|0|0|01|69,9|1,65|||1,15|01|69,9|7,6|||5,31|265|
|C170|2|2086|VINHO BRANCO SECO IMPERIO 1,4L|6|Un|41,94|0|0|051|5102|5102000|41,94|17|5,03|0|0|0||||0|0|0|01|41,94|1,65|||0,69|01|41,94|7,6|||3,19|265|
|C170|3|2091|VINHO BRANCO SUAVE IMPERIO 1,4L|6|Un|41,94|0|0|051|5102|5102000|41,94|17|5,03|0|0|0||||0|0|0|01|41,94|1,65|||0,69|01|41,94|7,6|||3,19|265|
|C170|4|2515|ERVA MATE LAGO VERDE SOLTA C/10KG|1|FD|98|0|0|020|5102|5102000|57,17|12|6,86|0|0|0||||0|0|0|01|98|1,65|||1,62|01|98|7,6|||7,45|265|
|C170|5|2709|TORRAO IDEAL POTE C/22 (PACOCA AMENDOIM)|3|Un|77,25|0|0|051|5102|5102000|77,25|17|9,27|0|0|0||||0|0|0|01|77,25|1,65|||1,27|01|77,25|7,6|||5,87|265|
|C170|6|2701|PACOCA BIG ROLHA IVOTI 52GR C/22|3|Un|83,7|0|0|051|5102|5102000|83,7|17|10,04|0|0|0||||0|0|0|01|83,7|1,65|||1,38|01|83,7|7,6|||6,36|265|
|C170|7|2699|FOUDANT DE LEITE BOA VISTA 50 GR C/20|2|Un|65,8|0|0|051|5102|5102000|65,8|17|7,9|0|0|0||||0|0|0|01|65,8|1,65|||1,09|01|65,8|7,6|||5|265|
|C170|8|2062|COROTE BLUE 500ML|24|Un|90,96|0|0|060|5405|5405000|0|0|0|0|0|0||||0|0|0|01|90,96|1,65|||1,5|01|90,96|7,6|||6,91|265|
|C170|9|3211|BEBIDA ALCOOLICA XIRU 800ML|12|Un|35,88|0|0|060|5405|5405000|0|0|0|0|0|0||||0|0|0|01|35,88|1,65|||0,59|01|35,88|7,6|||2,73|265|
|C170|10|2627|PAPEL TOALHA BRANKITO 21X19|24|Un|129,36|0|0|060|5405|5405000|0|0|0|0|0|0||||0|0|0|01|129,36|1,65|||2,13|01|129,36|7,6|||9,83|265|
|C100|1|0|6521|55|00|0|6641|43230109624855000168550000000066411501273058|23012023|23012023|223,69|1|0|0|223,69|0|0|0|0|130,48|15,66|0|0|0|3,68|17|0|0|
|C110|108|Pedido(s):35840;Vendedor:VENDAS;SAPUCAIA DO SUL - RS;RICMS/RS - LIVRO I, ARTIGO 23, INCISO LX, ALINEA "B"; LIVRO I, ARTIGO 27, INCISO V E APENDICE I, SECAO II. ;|
|C170|1|2525|ERVA MATE LAGO VERDE NATIVA 1 KG|5|Un|49,95|0|0|020|5102|5102000|29,14|12|3,5|0|0|0||||0|0|0|01|49,95|1,65|||0,82|01|49,95|7,6|||3,8|265|
|C170|2|2505|ERVA MATE LAGO VERDE COMPOSTA 500GR|10|Un|69,9|0|0|020|5102|5102000|40,77|12|4,89|0|0|0||||0|0|0|01|69,9|1,65|||1,15|01|69,9|7,6|||5,31|265|
|C170|3|2530|ERVA MATE MADRUGADA TRADICIONAL 500G|6|Un|38,94|0|0|020|5102|5102000|22,71|12|2,73|0|0|0||||0|0|0|01|38,94|1,65|||0,64|01|38,94|7,6|||2,96|265|
|C170|4|2529|ERVA MATE MADRUGADA MOIDA GROSSA 500G|10|Un|64,9|0|0|020|5102|5102000|37,86|12|4,54|0|0|0||||0|0|0|01|64,9|1,65|||1,07|01|64,9|7,6|||4,93|265|
|C100|1|0|779|55|00|0|6654|43230109624855000168550000000066541575105947|26012023|26012023|459|1|0|0|459|0|0|0|0|323,62|38,83|0|0|0|7,56|34,88|0|0|
|C110|142|Pedido(s):35953;Vendedor:VENDAS;SAPUCAIA DO SUL - RS;Aplicado " Diferimento parcial de 29,41176% do valor da operacao conformeLivroIII,TituloI, CapituloI, Secao II,Art.1oKdo RICMS.;RICMS/RS - LIVRO I, ARTIGO 23, INCISO LX, ALINEA "B"; LIVRO I, ARTIGO 27,|
|C170|1|2508|ERVA MATE LAGO VERDE NATIVA 500GR|10|Un|57|0|0|020|5102|5102000|33,25|12|3,99|0|0|0||||0|0|0|01|57|1,65|||0,94|01|57|7,6|||4,33|265|
|C170|2|2506|ERVA MATE LAGO VERDE COMPOSTA MENTA 500G|10|Un|69,9|0|0|020|5102|5102000|40,77|12|4,89|0|0|0||||0|0|0|01|69,9|1,65|||1,15|01|69,9|7,6|||5,31|265|
|C170|3|2525|ERVA MATE LAGO VERDE NATIVA 1 KG|10|Un|105|0|0|020|5102|5102000|61,25|12|7,35|0|0|0||||0|0|0|01|105|1,65|||1,73|01|105|7,6|||7,98|265|
|C170|4|2515|ERVA MATE LAGO VERDE SOLTA C/10KG|1|FD|93|0|0|020|5102|5102000|54,25|12|6,51|0|0|0||||0|0|0|01|93|1,65|||1,53|01|93|7,6|||7,07|265|
|C170|5|2557|FERMENTO MONOPOL 50X11GR|1|CX|32,5|0|0|051|5102|5102000|32,5|17|3,9|0|0|0||||0|0|0|01|32,5|1,65|||0,54|01|32,5|7,6|||2,47|265|
|C170|6|2561|FERMENTO TOK 60X10GR|1|CX|47,9|0|0|051|5102|5102000|47,9|17|5,75|0|0|0||||0|0|0|01|47,9|1,65|||0,79|01|47,9|7,6|||3,64|265|
|C170|7|2556|FERMENTO MONOPOL 100GR POTE|6|Un|17,1|0|0|051|5102|5102000|17,1|17|2,05|0|0|0||||0|0|0|01|17,1|1,65|||0,28|01|17,1|7,6|||1,3|265|
|C170|8|2559|FERMENTO TOK 125GR|6|Un|36,6|0|0|051|5102|5102000|36,6|17|4,39|0|0|0||||0|0|0|01|36,6|1,65|||0,6|01|36,6|7,6|||2,78|265|
|C100|1|0|431|55|00|0|6671|43230109624855000168550000000066711045538804|28012023|28012023|611,99|1|0|0|611,8|0|0,19|0|0|611,99|73,44|0|0|0|10,09|46,5|0|0|
|C110|121|Pedido(s):35946;Vendedor:VENDAS;SAPUCAIA DO SUL - RS;Aplicado " Diferimento parcial de 29,41176% do valor da operacao conformeLivroIII,TituloI, CapituloI, Secao II,Art.1oKdo RICMS.;|
|C170|1|2805|SACOLA VIP 30X40 BRANCA CX COM 1.000 UN PLAMER|1|CX|38,9|0|0|051|5102|5102000|38,91|17|4,67|0|0|0||||0|0|0|01|38,9|1,65|||0,64|01|38,9|7,6|||2,96|265|
|C170|2|2807|SACOLA VIP 38X48 BRANCA CX C/1000 - PLAMER|1|CX|63,9|0|0|051|5102|5102000|63,92|17|7,67|0|0|0||||0|0|0|01|63,9|1,65|||1,05|01|63,9|7,6|||4,86|265|
|C170|3|3407|MASCARA TNT TRIPLA C/ ELASTICO VABENE C/50|50|Un|509|0|0|051|5102|5102000|509,16|17|61,1|0|0|0||||0|0|0|01|509|1,65|||8,4|01|509|7,6|||38,68|265|
|C100|1|0|146|55|00|0|6640|43230109624855000168550000000066401692959092|21012023|21012023|333,1|1|0|0|333,1|0|0|0|0|194,3|23,31|0|0|0|5,49|25,31|0|0|
|C110|127|Pedido(s):35720;Vendedor:VENDAS;SAPUCAIA DO SUL - RS;RICMS/RS - LIVRO I, ARTIGO 23, INCISO LX, ALINEA "B"; LIVRO I, ARTIGO 27, INCISO V E APENDICE I, SECAO II. ;|
|C170|1|2508|ERVA MATE LAGO VERDE NATIVA 500GR|10|Un|57|0|0|020|5102|5102000|33,25|12|3,99|0|0|0||||0|0|0|01|57|1,65|||0,94|01|57|7,6|||4,33|265|
|C170|2|2505|ERVA MATE LAGO VERDE COMPOSTA 500GR|10|Un|69,9|0|0|020|5102|5102000|40,77|12|4,89|0|0|0||||0|0|0|01|69,9|1,65|||1,15|01|69,9|7,6|||5,31|265|
|C170|3|2506|ERVA MATE LAGO VERDE COMPOSTA MENTA 500G|10|Un|69,9|0|0|020|5102|5102000|40,77|12|4,89|0|0|0||||0|0|0|01|69,9|1,65|||1,15|01|69,9|7,6|||5,31|265|
|C170|4|2530|ERVA MATE MADRUGADA TRADICIONAL 500G|10|Un|64,9|0|0|020|5102|5102000|37,86|12|4,54|0|0|0||||0|0|0|01|64,9|1,65|||1,07|01|64,9|7,6|||4,93|265|
|C170|5|2511|ERVA MATE MADRUGADA 1KG TRADICIONAL|6|Un|71,4|0|0|020|5102|5102000|41,65|12|5|0|0|0||||0|0|0|01|71,4|1,65|||1,18|01|71,4|7,6|||5,43|265|
|C100|1|0|844|55|00|0|6653|43230109624855000168550000000066531011001184|26012023|26012023|320|1|0|0|320|0|0|0|0|186,67|22,4|0|0|0|5,29|24,32|0|0|
|C110|102|Pedido(s):35951;Vendedor:VENDAS;SAPUCAIA DO SUL - RS;RICMS/RS - LIVRO I, ARTIGO 23, INCISO LX, ALINEA "B"; LIVRO I, ARTIGO 27, INCISO V E APENDICE I, SECAO II. ;|
|C170|1|2508|ERVA MATE LAGO VERDE NATIVA 500GR|20|Un|110|0|0|020|5102|5102000|64,17|12|7,7|0|0|0||||0|0|0|01|110|1,65|||1,82|01|110|7,6|||8,36|265|
|C170|2|2525|ERVA MATE LAGO VERDE NATIVA 1 KG|20|Un|210|0|0|020|5102|5102000|122,5|12|14,7|0|0|0||||0|0|0|01|210|1,65|||3,47|01|210|7,6|||15,96|265|
|C100|1|0|13592|55|00|0|6677|43230109624855000168550000000066771044151390|30012023|30012023|393,4|1|0|0|393,4|0|0|0|0|235,73|29,03|0|0|0|6,5|29,89|0|0|
|C110|112|Pedido(s):36028;Vendedor:VENDAS;SAPUCAIA DO SUL - RS;RICMS/RS - LIVRO I, ARTIGO 23, INCISO LX, ALINEA "B"; LIVRO I, ARTIGO 27, INCISO V E APENDICE I, SECAO II. ;VALOR APROXIMADO TRIBUTOS R$ 5,38 (1,37%) Fonte: IBPT;|
|C170|1|2445|FILTRO P/ BOMBA CHIMARRAO C/20|1|CT|15|0|0|000|5102|5102000|15|17|2,55|0|0|0||||0|0|0|01|15|1,65|||0,25|01|15|7,6|||1,14|265|
|C170|2|2515|ERVA MATE LAGO VERDE SOLTA C/10KG|1|FD|95|0|0|020|5102|5102000|55,42|12|6,65|0|0|0||||0|0|0|01|95|1,65|||1,57|01|95|7,6|||7,22|265|
|C170|3|2496|ERVA MATE 87 1KG NATIVA|6|Un|77,4|0|0|020|5102|5102000|45,15|12|5,42|0|0|0||||0|0|0|01|77,4|1,65|||1,28|01|77,4|7,6|||5,88|265|
|C170|4|2502|ERVA MATE 87 500GR TRADICIONAL|10|Un|69,5|0|0|020|5102|5102000|40,54|12|4,86|0|0|0||||0|0|0|01|69,5|1,65|||1,15|01|69,5|7,6|||5,28|265|
|C170|5|2524|ERVA MATE LAGO VERDE GROSSA 1 KG|3|Un|31,5|0|0|020|5102|5102000|18,37|12|2,2|0|0|0||||0|0|0|01|31,5|1,65|||0,52|01|31,5|7,6|||2,39|265|
|C170|6|2525|ERVA MATE LAGO VERDE NATIVA 1 KG|10|Un|105|0|0|020|5102|5102000|61,25|12|7,35|0|0|0||||0|0|0|01|105|1,65|||1,73|01|105|7,6|||7,98|265|
|C100|1|0|431|55|00|0|6670|43230109624855000168550000000066701693081081|28012023|28012023|326,31|1|0|0|326,2|0|0,11|0|0|282,01|33,83|0|0|0|5,38|24,79|0|0|
|C110|116|Pedido(s):35946;Vendedor:VENDAS;SAPUCAIA DO SUL - RS;Aplicado " Diferimento parcial de 29,41176% do valor da operacao conformeLivroIII,TituloI, CapituloI, Secao II,Art.1oKdo RICMS.;RICMS/RS - LIVRO I, ARTIGO 23, INCISO LX, ALINEA "B"; LIVRO I, ARTIGO 27,|
|C170|1|2529|ERVA MATE MADRUGADA MOIDA GROSSA 500G|10|Un|64,9|0|0|020|5102|5102000|37,87|12|4,54|0|0|0||||0|0|0|01|64,9|1,65|||1,07|01|64,9|7,6|||4,93|265|
|C170|2|2502|ERVA MATE 87 500GR TRADICIONAL|6|Un|41,4|0|0|020|5102|5102000|24,16|12|2,9|0|0|0||||0|0|0|01|41,4|1,65|||0,68|01|41,4|7,6|||3,15|265|
|C170|3|2023|BATATA PALHA 70GR SANTA JUSTINA|20|Un|57|0|0|051|5102|5102000|57,02|17|6,84|0|0|0||||0|0|0|01|57|1,65|||0,94|01|57|7,6|||4,33|265|
|C170|4|2561|FERMENTO TOK 60X10GR|1|CX|47,9|0|0|051|5102|5102000|47,92|17|5,75|0|0|0||||0|0|0|01|47,9|1,65|||0,79|01|47,9|7,6|||3,64|265|
|C170|5|2557|FERMENTO MONOPOL 50X11GR|1|CX|32,5|0|0|051|5102|5102000|32,51|17|3,9|0|0|0||||0|0|0|01|32,5|1,65|||0,54|01|32,5|7,6|||2,47|265|
|C170|6|2706|RAPADURA TORRAO DE AMENDOIM BOA VISTA 80GR C/20|1|Un|29,5|0|0|051|5102|5102000|29,51|17|3,54|0|0|0||||0|0|0|01|29,5|1,65|||0,49|01|29,5|7,6|||2,24|265|
|C170|7|2709|TORRAO IDEAL POTE C/22 (PACOCA AMENDOIM)|2|Un|53|0|0|051|5102|5102000|53,02|17|6,36|0|0|0||||0|0|0|01|53|1,65|||0,87|01|53|7,6|||4,03|265|
|C100|1|0|12130|55|00|0|6660|43230109624855000168550000000066601287311824|27012023|27012023|1378,86|1|0|0|1378,86|0|0|0|0|1259,06|165,5|0|0|0|22,76|104,81|0|0|
|C110|114|Pedido(s):35981;Vendedor:VENDAS;SAPUCAIA DO SUL - RS;L.III,ART.1-K.DIF. PARCIAL NAO ESPECIFICADO;Aplicado " Diferimento parcial de 29,41176% do valor da operacao conformeLivroIII,TituloI, CapituloI, Secao II,Art.1oKdo RICMS.;RICMS/RS - LIVRO I, ARTIGO 23,|
|C170|1|2112|VODKA WALESA 966ML|6|Un|62,94|0|0|060|5405|5405000|0|0|0|0|0|0||||0|0|0|01|62,94|1,65|||1,04|01|62,94|7,6|||4,78|265|
|C170|2|2529|ERVA MATE MADRUGADA MOIDA GROSSA 500G|10|Un|64,9|0|0|020|5102|5102000|37,86|12|4,54|0|0|0||||0|0|0|01|64,9|1,65|||1,07|01|64,9|7,6|||4,93|265|
|C170|3|3112|VINHO TINTO SUAVE 750 ML CANCAO|12|Un|129,48|0|0|051|5102|5102000|129,48|17|15,54|0|0|0||||0|0|0|01|129,48|1,65|||2,14|01|129,48|7,6|||9,84|265|
|C170|4|2470|PEPINO EM CONSERVA CAMILA 300GR|8|Un|63,92|0|0|051|5102|5102000|63,92|17|7,67|0|0|0||||0|0|0|01|63,92|1,65|||1,05|01|63,92|7,6|||4,86|265|
|C170|5|2481|OVO DE CODORNA CAMILA 290GR|6|Un|83,4|0|0|051|5102|5102000|83,4|17|10,01|0|0|0||||0|0|0|01|83,4|1,65|||1,38|01|83,4|7,6|||6,34|265|
|C170|6|3430|PUDIM CHOCOLATE NEILAR 30GR|12|Un|14,28|0|0|051|5102|5102000|14,28|17|1,71|0|0|0||||0|0|0|01|14,28|1,65|||0,24|01|14,28|7,6|||1,09|265|
|C170|7|2397|TAPIOCA ROCHA 500GR|4|Un|20,76|0|0|051|5102|5102000|20,76|17|2,49|0|0|0||||0|0|0|01|20,76|1,65|||0,34|01|20,76|7,6|||1,58|265|
|C170|8|2994|SAL SALAZIR 1 KG FINO|15|Un|25,35|0|0|020|5102|5102000|10,44|17|1,77|0|0|0||||0|0|0|01|25,35|1,65|||0,42|01|25,35|7,6|||1,93|265|
|C170|9|2995|SAL PIRATA 1KG GROSSO|15|Un|25,35|0|0|020|5102|5102000|10,44|17|1,77|0|0|0||||0|0|0|01|25,35|1,65|||0,42|01|25,35|7,6|||1,93|265|
|C170|10|2393|TEMPERO + SABOR CARNE NEILAR 50GR|12|Un|33,48|0|0|551|5102|5102000|33,48|17|4,02|0|0|0||||0|0|0|01|33,48|1,65|||0,55|01|33,48|7,6|||2,54|265|
|C170|11|2317|DESINFETANTE ACTUALY 2LT LAVANDA|6|Un|25,2|0|0|051|5102|5102000|25,2|17|3,02|0|0|0||||0|0|0|01|25,2|1,65|||0,42|01|25,2|7,6|||1,92|265|
|C170|12|2302|AGUA SANITARIA ACTUALY 1L|12|Un|27,48|0|0|051|5102|5102000|27,48|17|3,3|0|0|0||||0|0|0|01|27,48|1,65|||0,45|01|27,48|7,6|||2,09|265|
|C170|13|3334|ETIQUETA 60X30 C/4|1|PT|35,9|0|0|051|5102|5102000|35,9|17|4,31|0|0|0||||0|0|0|01|35,9|1,65|||0,59|01|35,9|7,6|||2,73|265|
|C170|14|2546|ETIQUETA TERMICA 80X30|6|Un|25,74|0|0|051|5102|5102000|25,74|17|3,09|0|0|0||||0|0|0|01|25,74|1,65|||0,42|01|25,74|7,6|||1,96|265|
|C170|15|2909|LUVA VINIFLEX VABENE M C/ 100UN|1|Un|13,9|0|0|051|5102|5102000|13,9|17|1,67|0|0|0||||0|0|0|01|13,9|1,65|||0,23|01|13,9|7,6|||1,06|265|
|C170|16|3415|SACOLA 38X48 PACK LIFE C/700 CREME FARDO|3|FD|161,7|0|0|000|5102|5102000|161,7|17|27,49|0|0|0||||0|0|0|01|161,7|1,65|||2,67|01|161,7|7,6|||12,29|265|
|C170|17|2807|SACOLA VIP 38X48 BRANCA CX C/1000 - PLAMER|1|CX|57,9|0|0|051|5102|5102000|57,9|17|6,95|0|0|0||||0|0|0|01|57,9|1,65|||0,96|01|57,9|7,6|||4,4|265|
|C170|18|2805|SACOLA VIP 30X40 BRANCA CX COM 1.000 UN PLAMER|2|CX|73,8|0|0|051|5102|5102000|73,8|17|8,86|0|0|0||||0|0|0|01|73,8|1,65|||1,22|01|73,8|7,6|||5,61|265|
|C170|19|2163|BOBINA PLASTICA 5KG MB 28X41CM|2|Un|65,8|0|0|000|5102|5102000|65,8|17|11,19|0|0|0||||0|0|0|01|65,8|1,65|||1,09|01|65,8|7,6|||5|265|
|C170|20|3465|EMBALAGEM ECO. RETANG. ARTIC. V20 VIERPACK|100|Un|59|0|0|051|5102|5102000|59|17|7,08|0|0|0||||0|0|0|01|59|1,65|||0,97|01|59|7,6|||4,48|265|
|C170|21|3203|BOBINA MULTIDOBRA 30X39 AC PLAST C/500|2|Un|39,8|0|0|000|5102|5102000|39,8|17|6,77|0|0|0||||0|0|0|01|39,8|1,65|||0,66|01|39,8|7,6|||3,02|265|
|C170|22|3299|CANJICA DE MILHO BRANCA MARAVILHOSA 400GR|10|Un|59,9|0|0|051|5102|5102000|59,9|17|7,19|0|0|0||||0|0|0|01|59,9|1,65|||0,99|01|59,9|7,6|||4,55|265|
|C170|23|2405|VELA SANDERO 7 DIAS BRANCA (235G)|6|Un|53,94|0|0|051|5102|5102000|53,94|17|6,47|0|0|0||||0|0|0|01|53,94|1,65|||0,89|01|53,94|7,6|||4,1|265|
|C170|24|2409|VELA SANDERO 7 DIAS AZUL (235G)|6|Un|53,94|0|0|051|5102|5102000|53,94|17|6,47|0|0|0||||0|0|0|01|53,94|1,65|||0,89|01|53,94|7,6|||4,1|265|
|C170|25|2709|TORRAO IDEAL POTE C/22 (PACOCA AMENDOIM)|2|Un|53|0|0|051|5102|5102000|53|17|6,36|0|0|0||||0|0|0|01|53|1,65|||0,87|01|53|7,6|||4,03|265|
|C170|26|2701|PACOCA BIG ROLHA IVOTI 52GR C/22|2|Un|48|0|0|051|5102|5102000|48|17|5,76|0|0|0||||0|0|0|01|48|1,65|||0,79|01|48|7,6|||3,65|265|
|C100|1|0|2907|55|00|0|6652|43230109624855000168550000000066521186294809|26012023|26012023|257,8|1|0|0|257,8|0|0|0|0|150,38|18,04|0|0|0|4,26|19,59|0|0|
|C110|128|Pedido(s):35950;Vendedor:VENDAS;SAPUCAIA DO SUL - RS;RICMS/RS - LIVRO I, ARTIGO 23, INCISO LX, ALINEA "B"; LIVRO I, ARTIGO 27, INCISO V E APENDICE I, SECAO II. ;|
|C170|1|2515|ERVA MATE LAGO VERDE SOLTA C/10KG|1|FD|95|0|0|020|5102|5102000|55,42|12|6,65|0|0|0||||0|0|0|01|95|1,65|||1,57|01|95|7,6|||7,22|265|
|C170|2|2525|ERVA MATE LAGO VERDE NATIVA 1 KG|10|Un|99,9|0|0|020|5102|5102000|58,27|12|6,99|0|0|0||||0|0|0|01|99,9|1,65|||1,65|01|99,9|7,6|||7,59|265|
|C170|3|2529|ERVA MATE MADRUGADA MOIDA GROSSA 500G|10|Un|62,9|0|0|020|5102|5102000|36,69|12|4,4|0|0|0||||0|0|0|01|62,9|1,65|||1,04|01|62,9|7,6|||4,78|265|
|C100|1|0|1578|55|00|0|6669|43230109624855000168550000000066691842427293|28012023|28012023|473,34|1|0|0|473,3|0|0,04|0|0|400,12|48,5|0|0|0|5,98|27,58|0|0|
|C110|122|Pedido(s):35853;Vendedor:VENDAS;SAPUCAIA DO SUL - RS;L.III,ART.1-K.DIF. PARCIAL NAO ESPECIFICADO;Aplicado " Diferimento parcial de 29,41176% do valor da operacao conformeLivroIII,TituloI, CapituloI, Secao II,Art.1oKdo RICMS.;RICMS/RS - LIVRO I, ARTIGO 23,|
|C170|1|2995|SAL PIRATA 1KG GROSSO|15|Un|23,85|0|0|020|5102|5102000|9,82|17|1,67|0|0|0||||0|0|0|01|23,85|1,65|||0,39|01|23,85|7,6|||1,81|265|
|C170|2|2506|ERVA MATE LAGO VERDE COMPOSTA MENTA 500G|10|Un|71|0|0|020|5102|5102000|41,42|12|4,97|0|0|0||||0|0|0|01|71|1,65|||1,17|01|71|7,6|||5,4|265|
|C170|3|2505|ERVA MATE LAGO VERDE COMPOSTA 500GR|10|Un|71|0|0|020|5102|5102000|41,42|12|4,97|0|0|0||||0|0|0|01|71|1,65|||1,17|01|71|7,6|||5,4|265|
|C170|4|3117|PRATO DESCARTAVEL 15CM BRANCO C/10|50|Un|64,5|0|0|051|5102|5102000|64,5|17|7,74|0|0|0||||0|0|0|01|64,5|1,65|||1,06|01|64,5|7,6|||4,9|265|
|C170|5|3424|QUEIJO RALADO TUPY 40GR|25|Un|74,75|0|0|051|5102|5102000|74,75|17|8,97|0|0|0||||0|0|0|06|0|0|||0|06|0|0|||0|265|
|C170|6|2709|TORRAO IDEAL POTE C/22 (PACOCA AMENDOIM)|5|Un|132,5|0|0|051|5102|5102000|132,51|17|15,9|0|0|0||||0|0|0|01|132,5|1,65|||2,19|01|132,5|7,6|||10,07|265|
|C170|7|2692|BRIGADEIRO DE LEITE CONDENSADO BOA VISTA 50G C/20|1|Un|35,7|0|0|051|5102|5102000|35,7|17|4,28|0|0|0||||0|0|0|06|0|0|||0|06|0|0|||0|265|
|C100|1|0|7838|55|00|0|6661|43230109624855000168550000000066611756858844|27012023|27012023|761,41|1|0|0|761,41|0|0|0|0|640,16|76,82|0|0|0|15,73|72,43|0|0|
|C110|118|Pedido(s):35948;Vendedor:VENDAS;SAPUCAIA DO SUL - RS;Aplicado " Diferimento parcial de 29,41176% do valor da operacao conformeLivroIII,TituloI, CapituloI, Secao II,Art.1oKdo RICMS.;RICMS/RS - LIVRO I, ARTIGO 23, INCISO LX, ALINEA "B"; LIVRO I, ARTIGO 27,|
|C170|1|2996|SAL PIRATA TEMPERADO GROSSO 1KG|15|Un|59,85|0|0|551|5102|5102000|59,85|17|7,18|0|0|0||||0|0|0|01|59,85|1,65|||0,99|01|59,85|7,6|||4,55|265|
|C170|2|2701|PACOCA BIG ROLHA IVOTI 52GR C/22|4|Un|111,6|0|0|051|5102|5102000|111,6|17|13,39|0|0|0||||0|0|0|01|111,6|1,65|||1,84|01|111,6|7,6|||8,48|265|
|C170|3|2709|TORRAO IDEAL POTE C/22 (PACOCA AMENDOIM)|4|Un|103|0|0|051|5102|5102000|103|17|12,36|0|0|0||||0|0|0|01|103|1,65|||1,7|01|103|7,6|||7,83|265|
|C170|4|2445|FILTRO P/ BOMBA CHIMARRAO C/20|3|CT|45|0|0|051|5102|5102000|45|17|5,4|0|0|0||||0|0|0|01|45|1,65|||0,74|01|45|7,6|||3,42|265|
|C170|5|2488|ERVA MATE MADRUGADA COMPOSTO CASCARITA 500GR|10|Un|79|0|0|020|5102|5102000|46,08|12|5,53|0|0|0||||0|0|0|01|79|1,65|||1,3|01|79|7,6|||6|265|
|C170|6|2508|ERVA MATE LAGO VERDE NATIVA 500GR|20|Un|114|0|0|020|5102|5102000|66,5|12|7,98|0|0|0||||0|0|0|01|114|1,65|||1,88|01|114|7,6|||8,66|265|
|C170|7|2014|ALCOOL FLOPS 1L 92|24|Un|150,96|0|0|051|5102|5102000|150,96|17|18,12|0|0|0||||0|0|0|02|150,96|3,75|||5,66|02|150,96|17,25|||26,04|265|
|C170|8|2515|ERVA MATE LAGO VERDE SOLTA C/10KG|1|FD|98|0|0|020|5102|5102000|57,17|12|6,86|0|0|0||||0|0|0|01|98|1,65|||1,62|01|98|7,6|||7,45|265|
|C100|1|0|643|55|00|0|6655|43230109624855000168550000000066551440514404|26012023|26012023|450,06|1|0|0|450,06|0|0|0|0|450,06|76,52|0|0|0|7,42|34,2|0|0|
|C110|117|Pedido(s):35941;Vendedor:VENDAS;SAPUCAIA DO SUL - RS;|
|C170|1|3479|SACOLA REC. 38X48 BEGE - NINUS C/500|5|FD|199,5|0|0|000|5102|5102000|199,5|17|33,92|0|0|0||||0|0|0|01|199,5|1,65|||3,29|01|199,5|7,6|||15,16|265|
|C170|2|2175|BOBINAO PLASTICO 10KG BAIXA MB|8,67|KG|250,56|0|0|000|5102|5102000|250,56|17|42,6|0|0|0||||0|0|0|01|250,56|1,65|||4,13|01|250,56|7,6|||19,04|265|
|C100|1|0|719|55|00|0|6639|43230109624855000168550000000066391476480883|21012023|21012023|1825,97|1|0|0|1825,97|0|0|0|0|1528,91|185,63|0|0|0|31,85|146,64|0|0|
|C110|131|Pedido(s):35801;Vendedor:VENDAS;SAPUCAIA DO SUL - RS;Aplicado " Diferimento parcial de 29,41176% do valor da operacao conformeLivroIII,TituloI, CapituloI, Secao II,Art.1oKdo RICMS.;RICMS/RS - LIVRO I, ARTIGO 23, INCISO LX, ALINEA "B"; LIVRO I, ARTIGO 27,|
|C170|1|2515|ERVA MATE LAGO VERDE SOLTA C/10KG|1|FD|95|0|0|020|5102|5102000|55,42|12|6,65|0|0|0||||0|0|0|01|95|1,65|||1,57|01|95|7,6|||7,22|265|
|C170|2|2508|ERVA MATE LAGO VERDE NATIVA 500GR|10|Un|57|0|0|020|5102|5102000|33,25|12|3,99|0|0|0||||0|0|0|01|57|1,65|||0,94|01|57|7,6|||4,33|265|
|C170|3|3072|CORDA PARA VARAL REF.07|30|Un|70,5|0|0|051|5102|5102000|70,5|17|8,46|0|0|0||||0|0|0|01|70,5|1,65|||1,16|01|70,5|7,6|||5,36|265|
|C170|4|2898|CORDA PARA VARAL REF.05|30|Un|53,7|0|0|051|5102|5102000|53,7|17|6,44|0|0|0||||0|0|0|01|53,7|1,65|||0,89|01|53,7|7,6|||4,08|265|
|C170|5|3208|SACO DE LIXO 50LT LIX FLEX C/10 UNID ALMOFADA|25|Un|67,25|0|0|051|5102|5102000|67,25|17|8,07|0|0|0||||0|0|0|01|67,25|1,65|||1,11|01|67,25|7,6|||5,11|265|
|C170|6|2014|ALCOOL FLOPS 1L 92|12|Un|81,48|0|0|051|5102|5102000|81,48|17|9,78|0|0|0||||0|0|0|02|81,48|3,75|||3,06|02|81,48|17,25|||14,06|265|
|C170|7|2918|PALITOS DE DENTE MENTA 12 FRASCO DE 250 UN. PARANA|1|DP|43|0|0|051|5102|5102000|43|17|5,16|0|0|0||||0|0|0|01|43|1,65|||0,71|01|43|7,6|||3,27|265|
|C170|8|2301|ACHOCOLATADO TOK 400GR|12|Un|51,48|0|0|051|5102|5102000|51,48|17|6,18|0|0|0||||0|0|0|01|51,48|1,65|||0,85|01|51,48|7,6|||3,91|265|
|C170|9|2023|BATATA PALHA 70GR SANTA JUSTINA|20|Un|57|0|0|051|5102|5102000|57|17|6,84|0|0|0||||0|0|0|01|57|1,65|||0,94|01|57|7,6|||4,33|265|
|C170|10|3322|SAL CHURRASCO DIANA 1 KG|50|Un|105|0|0|020|5102|5102000|43,23|17|7,35|0|0|0||||0|0|0|01|105|1,65|||1,73|01|105|7,6|||7,98|265|
|C170|11|2990|VINAGRE DE ALCOOL WINNA 750ML TRADICIONAL|72|Un|151,2|0|0|051|5102|5102000|151,2|17|18,14|0|0|0||||0|0|0|01|151,2|1,65|||2,49|01|151,2|7,6|||11,49|265|
|C170|12|2988|VINAGRE DE ALCOOL WINNA 500ML TRADICIONAL|12|Un|21|0|0|051|5102|5102000|21|17|2,52|0|0|0||||0|0|0|01|21|1,65|||0,35|01|21|7,6|||1,6|265|
|C170|13|2557|FERMENTO MONOPOL 50X11GR|6|CX|195|0|0|051|5102|5102000|195|17|23,4|0|0|0||||0|0|0|01|195|1,65|||3,22|01|195|7,6|||14,82|265|
|C170|14|2561|FERMENTO TOK 60X10GR|6|CX|287,4|0|0|051|5102|5102000|287,4|17|34,49|0|0|0||||0|0|0|01|287,4|1,65|||4,74|01|287,4|7,6|||21,84|265|
|C170|15|2709|TORRAO IDEAL POTE C/22 (PACOCA AMENDOIM)|12|Un|318|0|0|051|5102|5102000|318|17|38,16|0|0|0||||0|0|0|01|318|1,65|||5,25|01|318|7,6|||24,17|265|
|C170|16|3211|BEBIDA ALCOOLICA XIRU 800ML|24|Un|83,76|0|0|060|5405|5405000|0|0|0|0|0|0||||0|0|0|01|83,76|1,65|||1,38|01|83,76|7,6|||6,37|265|
|C170|17|2031|CANA 7 CAMPOS 966ML|12|Un|88,2|0|0|060|5405|5405000|0|0|0|0|0|0||||0|0|0|01|88,2|1,65|||1,46|01|88,2|7,6|||6,7|265|
|C100|1|0|719|55|00|0|6665|43230109624855000168550000000066651945052935|28012023|28012023|444|1|0|0|444|0|0|0|0|444|75,48|0|0|0|7,33|33,74|0|0|
|C110|106|Pedido(s):36037;Vendedor:VENDAS;SAPUCAIA DO SUL - RS;|
|C170|1|2906|LUVA VINIL VABENE C/PO GG C/100UN|10|Un|444|0|0|000|5102|5102000|444|17|75,48|0|0|0||||0|0|0|01|444|1,65|||7,33|01|444|7,6|||33,74|265|
|C100|1|0|13386|55|00|0|6656|43230109624855000168550000000066561071237810|26012023|26012023|98|1|0|0|98|0|0|0|0|57,17|6,86|0|0|0|1,62|7,45|0|0|
|C110|100|Pedido(s):35957;Vendedor:VENDAS;SAPUCAIA DO SUL - RS;RICMS/RS - LIVRO I, ARTIGO 23, INCISO LX, ALINEA "B"; LIVRO I, ARTIGO 27, INCISO V E APENDICE I, SECAO II. ;|
|C170|1|2515|ERVA MATE LAGO VERDE SOLTA C/10KG|1|FD|98|0|0|020|5102|5102000|57,17|12|6,86|0|0|0||||0|0|0|01|98|1,65|||1,62|01|98|7,6|||7,45|265|
|C100|1|0|4053|55|00|0|6651|43230109624855000168550000000066511612628608|25012023|25012023|326,06|1|0|0|326,06|0|0|0|0|302,31|36,32|0|0|0|5,44|24,7|0|0|
|C110|138|Pedido(s):35896;Vendedor:VENDAS;SAPUCAIA DO SUL - RS;Aplicado " Diferimento parcial de 29,41176% do valor da operacao conformeLivroIII,TituloI, CapituloI, Secao II,Art.1oKdo RICMS.;RICMS/RS - LIVRO I, ARTIGO 23, INCISO LX, ALINEA "B"; LIVRO I, ARTIGO 27,|
|C170|1|2508|ERVA MATE LAGO VERDE NATIVA 500GR|10|Un|57|0|0|020|5102|5102000|33,25|12|3,99|0|0|0||||0|0|0|01|57|1,65|||0,94|01|57|7,6|||4,33|265|
|C170|2|2829|GELATINA SEM SABOR MADRUGADA 8GR|24|Un|42,96|0|0|051|5102|5102000|42,96|17|5,16|0|0|0||||0|0|0|01|42,96|1,65|||0,71|01|42,96|7,6|||3,26|265|
|C170|3|2853|SUCO POP FRUTA LARANJA 25GR - DP C/20|2|DP|23,8|0|0|051|5102|5102000|23,8|17|2,86|0|0|0||||0|0|0|01|23,8|1,65|||0,39|01|23,8|7,6|||1,81|265|
|C170|4|2851|SUCO POP FRUTA ABACAXI 25GR - DP C/20|1|DP|11,9|0|0|051|5102|5102000|11,9|17|1,43|0|0|0||||0|0|0|01|11,9|1,65|||0,2|01|11,9|7,6|||0,9|265|
|C170|5|3328|SUCO POP FRUTA ABACAXI C/ HORTELA 25GR DP C/20|1|DP|11,9|0|0|051|5102|5102000|11,9|17|1,43|0|0|0||||0|0|0|01|11,9|1,65|||0,2|01|11,9|7,6|||0,9|265|
|C170|6|2865|SUCO POP FRUTA CAJU 25GR - DP C/20|1|DP|11,9|0|0|051|5102|5102000|11,9|17|1,43|0|0|0||||0|0|0|01|11,9|1,65|||0,2|01|11,9|7,6|||0,9|265|
|C170|7|2866|SUCO POP FRUTA GOIABA 25GR - DP C/20|1|DP|11,9|0|0|051|5102|5102000|11,9|17|1,43|0|0|0||||0|0|0|01|11,9|1,65|||0,2|01|11,9|7,6|||0,9|265|
|C170|8|2852|SUCO POP FRUTA GUARANA 25GR - DP C/20|1|DP|11,9|0|0|051|5102|5102000|11,9|17|1,43|0|0|0||||0|0|0|01|11,9|1,65|||0,2|01|11,9|7,6|||0,9|265|
|C170|9|2869|SUCO POP FRUTA JABUTICABA 25GR - DP C/20|1|DP|11,9|0|0|051|5102|5102000|11,9|17|1,43|0|0|0||||0|0|0|01|11,9|1,65|||0,2|01|11,9|7,6|||0,9|265|
|C170|10|2854|SUCO POP FRUTA LIMAO 25GR - DP C/20|1|DP|11,9|0|0|051|5102|5102000|11,9|17|1,43|0|0|0||||0|0|0|01|11,9|1,65|||0,2|01|11,9|7,6|||0,9|265|
|C170|11|3327|SUCO POP FRUTA LIMONADA SUICA 25GR DP C/20|1|DP|11,9|0|0|051|5102|5102000|11,9|17|1,43|0|0|0||||0|0|0|01|11,9|1,65|||0,2|01|11,9|7,6|||0,9|265|
|C170|12|2855|SUCO POP FRUTA MANGA 25GR - DP C/20|1|DP|11,9|0|0|051|5102|5102000|11,9|17|1,43|0|0|0||||0|0|0|01|11,9|1,65|||0,2|01|11,9|7,6|||0,9|265|
|C170|13|2856|SUCO POP FRUTA MARACUJA 25GR - DP C/20|1|DP|11,9|0|0|051|5102|5102000|11,9|17|1,43|0|0|0||||0|0|0|01|11,9|1,65|||0,2|01|11,9|7,6|||0,9|265|
|C170|14|2857|SUCO POP FRUTA MELANCIA 25GR - DP C/20|1|DP|11,9|0|0|051|5102|5102000|11,9|17|1,43|0|0|0||||0|0|0|01|11,9|1,65|||0,2|01|11,9|7,6|||0,9|265|
|C170|15|2858|SUCO POP FRUTA MIX DE FRUTAS 25GR - DP C/20|1|DP|11,9|0|0|051|5102|5102000|11,9|17|1,43|0|0|0||||0|0|0|01|11,9|1,65|||0,2|01|11,9|7,6|||0,9|265|
|C170|16|2859|SUCO POP FRUTA MORANGO 25GR - DP C/20|1|DP|11,9|0|0|051|5102|5102000|11,9|17|1,43|0|0|0||||0|0|0|01|11,9|1,65|||0,2|01|11,9|7,6|||0,9|265|
|C170|17|2860|SUCO POP FRUTA PERA 25GR - DP C/20|1|DP|11,9|0|0|051|5102|5102000|11,9|17|1,43|0|0|0||||0|0|0|01|11,9|1,65|||0,2|01|11,9|7,6|||0,9|265|
|C170|18|2861|SUCO POP FRUTA PESSEGO 25GR - DP C/20|1|DP|11,9|0|0|051|5102|5102000|11,9|17|1,43|0|0|0||||0|0|0|01|11,9|1,65|||0,2|01|11,9|7,6|||0,9|265|
|C170|19|2862|SUCO POP FRUTA TANGERINA 25GR - DP C/20|1|DP|11,9|0|0|051|5102|5102000|11,9|17|1,43|0|0|0||||0|0|0|01|11,9|1,65|||0,2|01|11,9|7,6|||0,9|265|
|C170|20|2863|SUCO POP FRUTA UVA 25GR - DP C/20|1|DP|11,9|0|0|051|5102|5102000|11,9|17|1,43|0|0|0||||0|0|0|01|11,9|1,65|||0,2|01|11,9|7,6|||0,9|265|
|C100|1|0|1769|55|00|0|6659|43230109624855000168550000000066591281231305|26012023|26012023|133,89|1|0|0|133,89|0|0|0|0|78,1|9,38|0|0|0|2,21|10,18|0|0|
|C110|99|Pedido(s):35962;Vendedor:VENDAS;SAPUCAIA DO SUL - RS;RICMS/RS - LIVRO I, ARTIGO 23, INCISO LX, ALINEA "B"; LIVRO I, ARTIGO 27, INCISO V E APENDICE I, SECAO II. ;|
|C170|1|2531|ERVA MATE MADRUGADA PURA FOLHA 500GR|5|PT|34,95|0|0|020|5102|5102000|20,39|12|2,45|0|0|0||||0|0|0|01|34,95|1,65|||0,58|01|34,95|7,6|||2,66|265|
|C170|2|2506|ERVA MATE LAGO VERDE COMPOSTA MENTA 500G|6|Un|41,94|0|0|020|5102|5102000|24,46|12|2,94|0|0|0||||0|0|0|01|41,94|1,65|||0,69|01|41,94|7,6|||3,19|265|
|C170|3|2508|ERVA MATE LAGO VERDE NATIVA 500GR|10|Un|57|0|0|020|5102|5102000|33,25|12|3,99|0|0|0||||0|0|0|01|57|1,65|||0,94|01|57|7,6|||4,33|265|
|C100|1|0||55|02|0|6638|43230109624855000168550000000066381708610252|||||||||||||||||||||
|C100|1|0|7578|55|00|0|6650|43230109624855000168550000000066501211518863|25012023|25012023|281|1|0|0|281|0|0|0|0|163,92|19,67|0|0|0|4,64|21,35|0|0|
|C110|109|Pedido(s):35850;Vendedor:VENDAS;SAPUCAIA DO SUL - RS;RICMS/RS - LIVRO I, ARTIGO 23, INCISO LX, ALINEA "B"; LIVRO I, ARTIGO 27, INCISO V E APENDICE I, SECAO II. ;|
|C170|1|2508|ERVA MATE LAGO VERDE NATIVA 500GR|20|Un|114|0|0|020|5102|5102000|66,5|12|7,98|0|0|0||||0|0|0|01|114|1,65|||1,88|01|114|7,6|||8,66|265|
|C170|2|2515|ERVA MATE LAGO VERDE SOLTA C/10KG|1|FD|98|0|0|020|5102|5102000|57,17|12|6,86|0|0|0||||0|0|0|01|98|1,65|||1,62|01|98|7,6|||7,45|265|
|C170|3|2502|ERVA MATE 87 500GR TRADICIONAL|10|Un|69|0|0|020|5102|5102000|40,25|12|4,83|0|0|0||||0|0|0|01|69|1,65|||1,14|01|69|7,6|||5,24|265|
|C100|1|0|10784|55|00|0|6657|43230109624855000168550000000066571630500484|26012023|26012023|289,85|1|22,15|0|312|0|0|0|0|174,9|20,99|0|0|0|5,15|23,72|0|0|
|C110|124|Pedido(s):35960;Vendedor:VENDAS;SAPUCAIA DO SUL - RS;Aplicado " Diferimento parcial de 29,41176% do valor da operacao conformeLivroIII,TituloI, CapituloI, Secao II,Art.1oKdo RICMS.;RICMS/RS - LIVRO I, ARTIGO 23, INCISO LX, ALINEA "B"; LIVRO I, ARTIGO 27,|
|C170|1|2445|FILTRO P/ BOMBA CHIMARRAO C/20|1|CT|15|1,06|0|051|5102|5102000|13,94|17|1,67|0|0|0||||0|0|0|01|15|1,65|||0,25|01|15|7,6|||1,14|265|
|C170|2|2506|ERVA MATE LAGO VERDE COMPOSTA MENTA 500G|10|Un|71|5,04|0|020|5102|5102000|38,48|12|4,62|0|0|0||||0|0|0|01|71|1,65|||1,17|01|71|7,6|||5,4|265|
|C170|3|2505|ERVA MATE LAGO VERDE COMPOSTA 500GR|10|Un|71|5,04|0|020|5102|5102000|38,48|12|4,62|0|0|0||||0|0|0|01|71|1,65|||1,17|01|71|7,6|||5,4|265|
|C170|4|2508|ERVA MATE LAGO VERDE NATIVA 500GR|10|Un|57|4,05|0|020|5102|5102000|30,89|12|3,71|0|0|0||||0|0|0|01|57|1,65|||0,94|01|57|7,6|||4,33|265|
|C170|5|2515|ERVA MATE LAGO VERDE SOLTA C/10KG|1|FD|98|6,96|0|020|5102|5102000|53,11|12|6,37|0|0|0||||0|0|0|01|98|1,65|||1,62|01|98|7,6|||7,45|265|
|C100|1|0|13583|55|00|0|6649|43230109624855000168550000000066491609729794|25012023|25012023|343,7|1|0|0|343,7|0|0|0|0|343,7|41,24|0|0|0|5,67|26,12|0|0|
|C110|133|Pedido(s):35834;Vendedor:VENDAS;SAPUCAIA DO SUL - RS;L.III,ART.1-K.DIF. PARCIAL NAO ESPECIFICADO;|
|C170|1|2904|LUVA VINIL VABENE C/PO G C/100UN|10|Un|343,7|0|0|051|5102|5102000|343,7|17|41,24|0|0|0||||0|0|0|01|343,7|1,65|||5,67|01|343,7|7,6|||26,12|265|
|C100|1|0|442|55|00|0|6637|43230109624855000168550000000066371162442550|20012023|20012023|282,2|1|0|0|282,2|0|0|0|0|164,61|19,74|0|0|0|4,65|21,44|0|0|
|C110|120|Pedido(s):35758;Vendedor:VENDAS;SAPUCAIA DO SUL - RS;RICMS/RS - LIVRO I, ARTIGO 23, INCISO LX, ALINEA "B"; LIVRO I, ARTIGO 27, INCISO V E APENDICE I, SECAO II. ;|
|C170|1|2508|ERVA MATE LAGO VERDE NATIVA 500GR|15|Un|82,5|0|0|020|5102|5102000|48,12|12|5,77|0|0|0||||0|0|0|01|82,5|1,65|||1,36|01|82,5|7,6|||6,27|265|
|C170|2|2529|ERVA MATE MADRUGADA MOIDA GROSSA 500G|10|Un|64,9|0|0|020|5102|5102000|37,86|12|4,54|0|0|0||||0|0|0|01|64,9|1,65|||1,07|01|64,9|7,6|||4,93|265|
|C170|3|2530|ERVA MATE MADRUGADA TRADICIONAL 500G|10|Un|64,9|0|0|020|5102|5102000|37,86|12|4,54|0|0|0||||0|0|0|01|64,9|1,65|||1,07|01|64,9|7,6|||4,93|265|
|C170|4|2505|ERVA MATE LAGO VERDE COMPOSTA 500GR|10|Un|69,9|0|0|020|5102|5102000|40,77|12|4,89|0|0|0||||0|0|0|01|69,9|1,65|||1,15|01|69,9|7,6|||5,31|265|
|C100|1|0|12130|55|00|0|6636|43230109624855000168550000000066361083851655|20012023|20012023|1279,61|1|0|0|1279,61|0|0|0|0|896,7|121,16|0|0|0|19,16|88,22|0|0|
|C110|110|Pedido(s):35781;Vendedor:VENDAS;SAPUCAIA DO SUL - RS;Aplicado " Diferimento parcial de 29,41176% do valor da operacao conformeLivroIII,TituloI, CapituloI, Secao II,Art.1oKdo RICMS.;RICMS/RS - LIVRO I, ARTIGO 23, INCISO LX, ALINEA "B"; LIVRO I, ARTIGO 27,|
|C170|1|2995|SAL PIRATA 1KG GROSSO|15|Un|23,85|0|0|020|5102|5102000|9,82|17|1,67|0|0|0||||0|0|0|01|23,85|1,65|||0,39|01|23,85|7,6|||1,81|265|
|C170|2|3321|SAL DIANA REFINADO 1 KG|10|Un|21|0|0|020|5102|5102000|8,65|17|1,47|0|0|0||||0|0|0|01|21|1,65|||0,35|01|21|7,6|||1,6|265|
|C170|3|2505|ERVA MATE LAGO VERDE COMPOSTA 500GR|6|Un|42,6|0|0|020|5102|5102000|24,85|12|2,98|0|0|0||||0|0|0|01|42,6|1,65|||0,7|01|42,6|7,6|||3,24|265|
|C170|4|3305|MILHO PIPOCA PREMIUM MARAVILHOSA 400GR|10|Un|39,5|0|0|051|5102|5102000|39,5|17|4,74|0|0|0||||0|0|0|01|39,5|1,65|||0,65|01|39,5|7,6|||3|265|
|C170|5|2304|AGUA SANITARIA ACTUALY 5L|6|Un|51|0|0|051|5102|5102000|51|17|6,12|0|0|0||||0|0|0|01|51|1,65|||0,84|01|51|7,6|||3,88|265|
|C170|6|3363|REMOVEDOR DE ESMALTE A BASE DE ACETONA 80ML BELEZA DA AMAZONIA|12|Un|34,68|0|0|051|5102|5102000|34,68|17|4,16|0|0|0||||0|0|0|01|34,68|1,65|||0,57|01|34,68|7,6|||2,64|265|
|C170|7|3334|ETIQUETA 60X30 C/4|3|PT|107,7|0|0|051|5102|5102000|107,7|17|12,92|0|0|0||||0|0|0|01|107,7|1,65|||1,78|01|107,7|7,6|||8,19|265|
|C170|8|2546|ETIQUETA TERMICA 80X30|6|Un|25,74|0|0|051|5102|5102000|25,74|17|3,09|0|0|0||||0|0|0|01|25,74|1,65|||0,42|01|25,74|7,6|||1,96|265|
|C170|9|2709|TORRAO IDEAL POTE C/22 (PACOCA AMENDOIM)|1|Un|26,5|0|0|051|5102|5102000|26,5|17|3,18|0|0|0||||0|0|0|01|26,5|1,65|||0,44|01|26,5|7,6|||2,01|265|
|C170|10|2706|RAPADURA TORRAO DE AMENDOIM BOA VISTA 80GR C/20|1|Un|29,5|0|0|051|5102|5102000|29,5|17|3,54|0|0|0||||0|0|0|01|29,5|1,65|||0,49|01|29,5|7,6|||2,24|265|
|C170|11|2701|PACOCA BIG ROLHA IVOTI 52GR C/22|1|Un|27,9|0|0|051|5102|5102000|27,9|17|3,35|0|0|0||||0|0|0|01|27,9|1,65|||0,46|01|27,9|7,6|||2,12|265|
|C170|12|2699|FOUDANT DE LEITE BOA VISTA 50 GR C/20|1|Un|32,5|0|0|051|5102|5102000|32,5|17|3,9|0|0|0||||0|0|0|01|32,5|1,65|||0,54|01|32,5|7,6|||2,47|265|
|C170|13|3347|BALA DE MENTA PIETROBON 600 GR|2|pct|19,8|0|0|051|5102|5102000|19,8|17|2,38|0|0|0||||0|0|0|01|19,8|1,65|||0,33|01|19,8|7,6|||1,5|265|
|C170|14|3309|BALA DE BANANA INDIA PCT 600GR|2|Un|20,98|0|0|051|5102|5102000|20,98|17|2,52|0|0|0||||0|0|0|01|20,98|1,65|||0,35|01|20,98|7,6|||1,59|265|
|C170|15|3022|BISCOITO MARIA CHOCOLATE 300GR|12|Un|47,88|0|0|000|5102|5102000|47,88|12|5,75|0|0|0||||0|0|0|01|47,88|1,65|||0,79|01|47,88|7,6|||3,64|265|
|C170|16|2786|SACOLA REC. 38X48 BEGE - MB C/500|3|FD|124,5|0|0|000|5102|5102000|124,5|17|21,17|0|0|0||||0|0|0|01|124,5|1,65|||2,05|01|124,5|7,6|||9,46|265|
|C170|17|2134|BOBINA PLASTICA 10KG MB 35X49CM|2|Un|87,8|0|0|000|5102|5102000|87,8|17|14,93|0|0|0||||0|0|0|01|87,8|1,65|||1,45|01|87,8|7,6|||6,67|265|
|C170|18|3203|BOBINA MULTIDOBRA 30X39 AC PLAST C/500|2|Un|39,8|0|0|000|5102|5102000|39,8|17|6,77|0|0|0||||0|0|0|01|39,8|1,65|||0,66|01|39,8|7,6|||3,02|265|
|C170|19|2655|EMBALAGEM PLASTICA P56|10|Un|19,9|0|0|051|5102|5102000|19,9|17|2,39|0|0|0||||0|0|0|01|19,9|1,65|||0,33|01|19,9|7,6|||1,51|265|
|C170|20|2635|PAPEL PEDRAS BRANCAS 3 KG|1|CX|55,9|0|0|051|5102|5102000|55,9|17|6,71|0|0|0||||0|0|0|01|55,9|1,65|||0,92|01|55,9|7,6|||4,25|265|
|C170|21|2625|PAPEL P/ SALGADO BRANCO 40X22 C/500|2|pct|61,8|0|0|051|5102|5102000|61,8|17|7,42|0|0|0||||0|0|0|01|61,8|1,65|||1,02|01|61,8|7,6|||4,7|265|
|C170|22|2081|COQUETEL ALCOOLICO LIMAO 95 500ML|12|Un|40,2|0|0|060|5405|5405000|0|0|0|0|0|0||||0|0|0|01|40,2|1,65|||0,66|01|40,2|7,6|||3,06|265|
|C170|23|2347|CACHACA ADOCADA VELHO BARREIRO TRADICIONAL 910 ML|6|Un|68,94|0|0|060|5405|5405000|0|0|0|0|0|0||||0|0|0|01|68,94|1,65|||1,14|01|68,94|7,6|||5,24|265|
|C170|24|2026|CACHACA 51 965ML|6|Un|64,14|0|0|060|5405|5405000|0|0|0|0|0|0||||0|0|0|01|64,14|1,65|||1,06|01|64,14|7,6|||4,87|265|
|C170|25|2810|SALSICHA VIENA ODERICH 180GR|6|Un|23,7|0|0|060|5405|5405000|0|0|0|0|0|0||||0|0|0|01|23,7|1,65|||0,39|01|23,7|7,6|||1,8|265|
|C170|26|2624|GUARDANAPO BRANKITO 20X22 C/20|1|FD|23|0|0|060|5405|5405000|0|0|0|0|0|0||||0|0|0|01|23|1,65|||0,38|01|23|7,6|||1,75|265|
|C170|27|2449|ENERGETICO BALY 2L TRADICIONAL|12|Un|118,8|0|0|060|5405|5405000|0|0|0|0|0|0||||0|0|0|06|0|0|||0|06|0|0|||0|265|
|C100|1|0|13583|55|00|0|6648|43230109624855000168550000000066481930570608|25012023|25012023|266,57|1|0|0|266,57|0|0|0|0|233,03|28,51|0|0|0|4,39|20,27|0|0|
|C110|140|Pedido(s):35834;Vendedor:VENDAS;SAPUCAIA DO SUL - RS;Aplicado " Diferimento parcial de 29,41176% do valor da operacao conformeLivroIII,TituloI, CapituloI, Secao II,Art.1oKdo RICMS.;RICMS/RS - LIVRO I, ARTIGO 23, INCISO LX, ALINEA "B"; LIVRO I, ARTIGO 27,|
|C170|1|2592|MISTURA BOLO SABOR LARANJA TOK 400GR|12|Un|44,28|0|0|051|5102|5102000|44,28|17|5,31|0|0|0||||0|0|0|01|44,28|1,65|||0,73|01|44,28|7,6|||3,37|265|
|C170|2|2506|ERVA MATE LAGO VERDE COMPOSTA MENTA 500G|6|Un|42,6|0|0|020|5102|5102000|24,85|12|2,98|0|0|0||||0|0|0|01|42,6|1,65|||0,7|01|42,6|7,6|||3,24|265|
|C170|3|2995|SAL PIRATA 1KG GROSSO|15|Un|26,85|0|0|020|5102|5102000|11,06|17|1,88|0|0|0||||0|0|0|01|26,85|1,65|||0,44|01|26,85|7,6|||2,04|265|
|C170|4|2990|VINAGRE DE ALCOOL WINNA 750ML TRADICIONAL|12|Un|25,2|0|0|051|5102|5102000|25,2|17|3,02|0|0|0||||0|0|0|01|25,2|1,65|||0,42|01|25,2|7,6|||1,92|265|
|C170|5|2653|EMB. QUAD. C/TP ARTIC. P13 14.5X14.5X9CM PPLAST|100|Un|65|0|0|051|5102|5102000|65|17|7,8|0|0|0||||0|0|0|01|65|1,65|||1,07|01|65|7,6|||4,94|265|
|C170|6|2303|AGUA SANITARIA ACTUALY 2L|6|Un|23,94|0|0|051|5102|5102000|23,94|17|2,87|0|0|0||||0|0|0|01|23,94|1,65|||0,4|01|23,94|7,6|||1,82|265|
|C170|7|2854|SUCO POP FRUTA LIMAO 25GR - DP C/20|1|DP|12,9|0|0|051|5102|5102000|12,9|17|1,55|0|0|0||||0|0|0|01|12,9|1,65|||0,21|01|12,9|7,6|||0,98|265|
|C170|8|2856|SUCO POP FRUTA MARACUJA 25GR - DP C/20|1|DP|12,9|0|0|051|5102|5102000|12,9|17|1,55|0|0|0||||0|0|0|01|12,9|1,65|||0,21|01|12,9|7,6|||0,98|265|
|C170|9|2863|SUCO POP FRUTA UVA 25GR - DP C/20|1|DP|12,9|0|0|051|5102|5102000|12,9|17|1,55|0|0|0||||0|0|0|01|12,9|1,65|||0,21|01|12,9|7,6|||0,98|265|
|C100|1|0|447|55|00|0|6635|43230109624855000168550000000066351630975884|20012023|20012023|551|1|0|0|551|0|0|0|0|326,38|39,17|0|0|0|9,08|41,88|0|0|
|C110|105|Pedido(s):35732;Vendedor:VENDAS;SAPUCAIA DO SUL - RS;Aplicado " Diferimento parcial de 29,41176% do valor da operacao conformeLivroIII,TituloI, CapituloI, Secao II,Art.1oKdo RICMS.;RICMS/RS - LIVRO I, ARTIGO 23, INCISO LX, ALINEA "B"; LIVRO I, ARTIGO 27,|
|C170|1|2508|ERVA MATE LAGO VERDE NATIVA 500GR|20|Un|114|0|0|020|5102|5102000|66,5|12|7,98|0|0|0||||0|0|0|01|114|1,65|||1,88|01|114|7,6|||8,66|265|
|C170|2|2106|VINHO TINTO SUAVE IMPERIO 1,4L|12|Un|83,88|0|0|051|5102|5102000|83,88|17|10,07|0|0|0||||0|0|0|01|83,88|1,65|||1,38|01|83,88|7,6|||6,37|265|
|C170|3|3248|SACO DE LIXO 50LT LIX FLEX PRETO C/10 - ROLO|50|Un|124,5|0|0|051|5102|5102000|124,5|17|14,94|0|0|0||||0|0|0|01|124,5|1,65|||2,05|01|124,5|7,6|||9,46|265|
|C170|4|2709|TORRAO IDEAL POTE C/22 (PACOCA AMENDOIM)|2|Un|51,5|0|0|051|5102|5102000|51,5|17|6,18|0|0|0||||0|0|0|01|51,5|1,65|||0,85|01|51,5|7,6|||3,91|265|
|C170|5|1001|COROTE MORANGO 500ML|12|Un|44,28|0|0|060|5405|5405000|0|0|0|0|0|0||||0|0|0|01|44,28|1,65|||0,73|01|44,28|7,6|||3,37|265|
|C170|6|2069|COROTE TUTTI FRUTTI 500ML|12|Un|44,28|0|0|060|5405|5405000|0|0|0|0|0|0||||0|0|0|01|44,28|1,65|||0,73|01|44,28|7,6|||3,37|265|
|C170|7|2068|COROTE PESSEGO 500ML|12|Un|44,28|0|0|060|5405|5405000|0|0|0|0|0|0||||0|0|0|01|44,28|1,65|||0,73|01|44,28|7,6|||3,37|265|
|C170|8|2066|COROTE MENTA 500ML|12|Un|44,28|0|0|060|5405|5405000|0|0|0|0|0|0||||0|0|0|01|44,28|1,65|||0,73|01|44,28|7,6|||3,37|265|
|C100|1|0|13584|55|00|0|6634|43230109624855000168550000000066341956165799|20012023|20012023|364,95|1|0|0|364,95|0|0|0|0|0|0|0|0|0|6|27,75|0|0|
|C110|97|Pedido(s):35731;Vendedor:VENDAS;SAPUCAIA DO SUL - RS;|
|C170|1|2045|COCKTAIL VODKA KISLLA VD 890ML|3|Un|41,25|0|0|060|5405|5405000|0|0|0|0|0|0||||0|0|0|01|41,25|1,65|||0,68|01|41,25|7,6|||3,14|265|
|C170|2|2043|COCKTAIL VODKA KISLLA MARACUJA VD 890ML|3|Un|41,25|0|0|060|5405|5405000|0|0|0|0|0|0||||0|0|0|01|41,25|1,65|||0,68|01|41,25|7,6|||3,14|265|
|C170|3|2044|COCKTAIL VODKA KISLLA RED FRUITS VD 890ML|3|Un|41,25|0|0|060|5405|5405000|0|0|0|0|0|0||||0|0|0|01|41,25|1,65|||0,68|01|41,25|7,6|||3,14|265|
|C170|4|2042|COCKTAIL VODKA KISLLA BLUE BERRY VD 890ML|3|Un|41,25|0|0|060|5405|5405000|0|0|0|0|0|0||||0|0|0|01|41,25|1,65|||0,68|01|41,25|7,6|||3,14|265|
|C170|5|2041|COCKTAIL VODKA KISLLA BIG APPLE VD 890ML|3|Un|41,25|0|0|060|5405|5405000|0|0|0|0|0|0||||0|0|0|01|41,25|1,65|||0,68|01|41,25|7,6|||3,14|265|
|C170|6|2072|ICE KISLLA BIG APPLE VD 275ML|6|Un|31,74|0|0|060|5405|5405000|0|0|0|0|0|0||||0|0|0|01|31,74|1,65|||0,52|01|31,74|7,6|||2,41|265|
|C170|7|2074|ICE KISLLA BLUE VD 275ML|6|Un|31,74|0|0|060|5405|5405000|0|0|0|0|0|0||||0|0|0|01|31,74|1,65|||0,52|01|31,74|7,6|||2,41|265|
|C170|8|2078|ICE KISLLA LIMAO VD 275ML|6|Un|31,74|0|0|060|5405|5405000|0|0|0|0|0|0||||0|0|0|01|31,74|1,65|||0,52|01|31,74|7,6|||2,41|265|
|C170|9|2079|ICE KISLLA MARACUJA VD 275ML|6|Un|31,74|0|0|060|5405|5405000|0|0|0|0|0|0||||0|0|0|01|31,74|1,65|||0,52|01|31,74|7,6|||2,41|265|
|C170|10|2080|ICE KISLLA RED FRUITS VD 275ML|6|Un|31,74|0|0|060|5405|5405000|0|0|0|0|0|0||||0|0|0|01|31,74|1,65|||0,52|01|31,74|7,6|||2,41|265|
|C100|1|0|1578|55|00|0|6625|43230109624855000168550000000066251682927094|19012023|19012023|869,25|1|0|0|869,25|0|0|0|0|869,25|104,32|0|0|0|14,34|66,06|0|0|
|C110|132|Pedido(s):35663;Vendedor:VENDAS;SAPUCAIA DO SUL - RS;L.III,ART.1-K.DIF. PARCIAL NAO ESPECIFICADO;Aplicado " Diferimento parcial de 29,41176% do valor da operacao conformeLivroIII,TituloI, CapituloI, Secao II,Art.1oKdo RICMS.;VALOR APROXIMADO TRIBUTOS R$ 3|
|C170|1|3462|EMBALAGEM ECO. RETANG. ARTIC. V10 VIERPACK|100|Un|25|0|0|051|5102|5102000|25|17|3|0|0|0||||0|0|0|01|25|1,65|||0,41|01|25|7,6|||1,9|265|
|C170|2|3463|EMBALAGEM ECO. RETANG. ARTIC. V13 VIERPACK|100|Un|49|0|0|051|5102|5102000|49|17|5,88|0|0|0||||0|0|0|01|49|1,65|||0,81|01|49|7,6|||3,72|265|
|C170|3|3465|EMBALAGEM ECO. RETANG. ARTIC. V20 VIERPACK|100|Un|59|0|0|051|5102|5102000|59|17|7,08|0|0|0||||0|0|0|01|59|1,65|||0,97|01|59|7,6|||4,48|265|
|C170|4|2672|POTE TRANSPARENTE 200ML C/50|4|Un|23,96|0|0|051|5102|5102000|23,96|17|2,88|0|0|0||||0|0|0|01|23,96|1,65|||0,4|01|23,96|7,6|||1,82|265|
|C170|5|2429|COPO 400ML TRANSP. C/50|1|Un|10,49|0|0|051|5102|5102000|10,49|17|1,26|0|0|0||||0|0|0|01|10,49|1,65|||0,17|01|10,49|7,6|||0,8|265|
|C170|6|2680|TAMPA POTE 200/250/150/400|6|Un|33|0|0|051|5102|5102000|33|17|3,96|0|0|0||||0|0|0|01|33|1,65|||0,54|01|33|7,6|||2,51|265|
|C170|7|2580|BANDEJA EPS MOD. FR02 TAM. 14,5X21X1,5CM|400|Un|60|0|0|051|5102|5102000|60|17|7,2|0|0|0||||0|0|0|01|60|1,65|||0,99|01|60|7,6|||4,56|265|
|C170|8|2909|LUVA VINIFLEX VABENE M C/ 100UN|1|Un|15|0|0|051|5102|5102000|15|17|1,8|0|0|0||||0|0|0|01|15|1,65|||0,25|01|15|7,6|||1,14|265|
|C170|9|2906|LUVA VINIL VABENE C/PO GG C/100UN|20|Un|593,8|0|0|051|5102|5102000|593,8|17|71,26|0|0|0||||0|0|0|01|593,8|1,65|||9,8|01|593,8|7,6|||45,13|265|
|C100|1|0|13584|55|00|0|6633|43230109624855000168550000000066331739129436|20012023|20012023|539,91|1|0|0|539,91|0|0|0|0|209,53|34,2|0|0|0|8,9|41,02|0|0|
|C110|125|Pedido(s):35679;Vendedor:VENDAS;SAPUCAIA DO SUL - RS;RICMS/RS - LIVRO I, ARTIGO 23, INCISO LX, ALINEA "B"; LIVRO I, ARTIGO 27, INCISO V E APENDICE I, SECAO II. ;|
|C170|1|2148|BOBINA PLASTICA 2KG MB 21X31CM|1|Un|18,99|0|0|000|5102|5102000|18,99|17|3,23|0|0|0||||0|0|0|01|18,99|1,65|||0,31|01|18,99|7,6|||1,44|265|
|C170|2|2144|BOBINA PLASTICA 1KG MB 17X31CM|1|Un|16,9|0|0|000|5102|5102000|16,9|17|2,87|0|0|0||||0|0|0|01|16,9|1,65|||0,28|01|16,9|7,6|||1,28|265|
|C170|3|2537|ETIQUETA 40X40 C/6|1|PT|45,9|0|0|000|5102|5102000|45,9|17|7,8|0|0|0||||0|0|0|01|45,9|1,65|||0,76|01|45,9|7,6|||3,49|265|
|C170|4|3462|EMBALAGEM ECO. RETANG. ARTIC. V10 VIERPACK|100|Un|29|0|0|000|5102|5102000|29|17|4,93|0|0|0||||0|0|0|01|29|1,65|||0,48|01|29|7,6|||2,2|265|
|C170|5|2671|POTE TRANSPARENTE 100ML C/100|2|Un|15,98|0|0|000|5102|5102000|15,98|17|2,72|0|0|0||||0|0|0|01|15,98|1,65|||0,26|01|15,98|7,6|||1,21|265|
|C170|6|2681|TAMPA TRANSPARENTE POTE 100ML C/100|2|Un|13,5|0|0|000|5102|5102000|13,5|17|2,3|0|0|0||||0|0|0|01|13,5|1,65|||0,22|01|13,5|7,6|||1,03|265|
|C170|7|2469|MILHO VERDE ODERICH 200G|12|Un|40,68|0|0|000|5102|5102000|40,68|17|6,92|0|0|0||||0|0|0|01|40,68|1,65|||0,67|01|40,68|7,6|||3,09|265|
|C170|8|2509|ERVA MATE LAGO VERDE SOLTA C/5KG|1|FD|49|0|0|020|5102|5102000|28,58|12|3,43|0|0|0||||0|0|0|01|49|1,65|||0,81|01|49|7,6|||3,72|265|
|C170|9|2341|SIDRA FIRE PREMIUM RED FRUITS 660ML|12|Un|106,8|0|0|060|5405|5405000|0|0|0|0|0|0||||0|0|0|01|106,8|1,65|||1,76|01|106,8|7,6|||8,12|265|
|C170|10|3211|BEBIDA ALCOOLICA XIRU 800ML|12|Un|41,88|0|0|060|5405|5405000|0|0|0|0|0|0||||0|0|0|01|41,88|1,65|||0,69|01|41,88|7,6|||3,18|265|
|C170|11|2031|CANA 7 CAMPOS 966ML|12|Un|89,88|0|0|060|5405|5405000|0|0|0|0|0|0||||0|0|0|01|89,88|1,65|||1,48|01|89,88|7,6|||6,83|265|
|C170|12|2347|CACHACA ADOCADA VELHO BARREIRO TRADICIONAL 910 ML|6|Un|71,4|0|0|060|5405|5405000|0|0|0|0|0|0||||0|0|0|01|71,4|1,65|||1,18|01|71,4|7,6|||5,43|265|
|C100|1|0|13590|55|00|0|6624|43230109624855000168550000000066241748354812|18012023|18012023|357,52|1|11,07|0|368,59|0|0|0|0|357,52|42,91|0|0|0|6,08|28,02|0|0|
|C110|126|Pedido(s):35610;Vendedor:VENDAS;SAPUCAIA DO SUL - RS;Aplicado " Diferimento parcial de 29,41176% do valor da operacao conformeLivroIII,TituloI, CapituloI, Secao II,Art.1oKdo RICMS.;|
|C170|1|2405|VELA SANDERO 7 DIAS BRANCA (235G)|6|Un|53,94|1,62|0|051|5102|5102000|52,32|17|6,28|0|0|0||||0|0|0|01|53,94|1,65|||0,89|01|53,94|7,6|||4,1|265|
|C170|2|3460|VELA SANDERO 7 DIAS AMARELA 235 GR|6|Un|53,94|1,62|0|051|5102|5102000|52,32|17|6,28|0|0|0||||0|0|0|01|53,94|1,65|||0,89|01|53,94|7,6|||4,1|265|
|C170|3|2409|VELA SANDERO 7 DIAS AZUL (235G)|12|Un|107,88|3,24|0|051|5102|5102000|104,64|17|12,56|0|0|0||||0|0|0|01|107,88|1,65|||1,78|01|107,88|7,6|||8,2|265|
|C170|4|3459|VELA SANDERO 7 DIAS VERMELHA 235 GR|5|Un|44,95|1,35|0|051|5102|5102000|43,6|17|5,23|0|0|0||||0|0|0|01|44,95|1,65|||0,74|01|44,95|7,6|||3,42|265|
|C170|5|2411|VELA SANDERO 7 DIAS BR/VM (235G)|12|CX|107,88|3,24|0|051|5102|5102000|104,64|17|12,56|0|0|0||||0|0|0|01|107,88|1,65|||1,78|01|107,88|7,6|||8,2|265|
|C100|1|0|13584|55|00|0|6632|43230109624855000168550000000066321393245894|20012023|20012023|208|1|0|0|208|0|0|0|0|208|35,33|0|0|0|3,41|15,8|0|0|
|C110|139|Pedido(s):35785;Vendedor:VENDAS;SAPUCAIA DO SUL - RS;|
|C170|1|2851|SUCO POP FRUTA ABACAXI 25GR - DP C/20|1|DP|12,9|0|0|000|5102|5102000|12,9|17|2,19|0|0|0||||0|0|0|01|12,9|1,65|||0,21|01|12,9|7,6|||0,98|265|
|C170|2|2853|SUCO POP FRUTA LARANJA 25GR - DP C/20|1|DP|12,9|0|0|000|5102|5102000|12,9|17|2,19|0|0|0||||0|0|0|01|12,9|1,65|||0,21|01|12,9|7,6|||0,98|265|
|C170|3|2854|SUCO POP FRUTA LIMAO 25GR - DP C/20|1|DP|12,9|0|0|000|5102|5102000|12,9|17|2,19|0|0|0||||0|0|0|01|12,9|1,65|||0,21|01|12,9|7,6|||0,98|265|
|C170|4|2856|SUCO POP FRUTA MARACUJA 25GR - DP C/20|1|DP|12,9|0|0|000|5102|5102000|12,9|17|2,19|0|0|0||||0|0|0|01|12,9|1,65|||0,21|01|12,9|7,6|||0,98|265|
|C170|5|2857|SUCO POP FRUTA MELANCIA 25GR - DP C/20|1|DP|12,9|0|0|000|5102|5102000|12,9|17|2,19|0|0|0||||0|0|0|01|12,9|1,65|||0,21|01|12,9|7,6|||0,98|265|
|C170|6|2858|SUCO POP FRUTA MIX DE FRUTAS 25GR - DP C/20|1|DP|12,9|0|0|000|5102|5102000|12,9|17|2,19|0|0|0||||0|0|0|01|12,9|1,65|||0,21|01|12,9|7,6|||0,98|265|
|C170|7|2863|SUCO POP FRUTA UVA 25GR - DP C/20|1|DP|12,9|0|0|000|5102|5102000|12,9|17|2,19|0|0|0||||0|0|0|01|12,9|1,65|||0,21|01|12,9|7,6|||0,98|265|
|C170|8|2859|SUCO POP FRUTA MORANGO 25GR - DP C/20|1|DP|12,9|0|0|000|5102|5102000|12,9|17|2,19|0|0|0||||0|0|0|01|12,9|1,65|||0,21|01|12,9|7,6|||0,98|265|
|C170|9|2805|SACOLA VIP 30X40 BRANCA CX COM 1.000 UN PLAMER|1|CX|39,9|0|0|000|5102|5102000|39,9|17|6,78|0|0|0||||0|0|0|01|39,9|1,65|||0,66|01|39,9|7,6|||3,03|265|
|C170|10|2807|SACOLA VIP 38X48 BRANCA CX C/1000 - PLAMER|1|CX|64,9|0|0|000|5102|5102000|64,9|17|11,03|0|0|0||||0|0|0|01|64,9|1,65|||1,07|01|64,9|7,6|||4,93|265|
|C100|1|0|431|55|00|0|6631|43230109624855000168550000000066311180708040|20012023|20012023|611,08|1|0|0|611,08|0|0|0|0|611,08|73,33|0|0|0|10,08|46,45|0|0|
|C110|136|Pedido(s):35748;Vendedor:VENDAS;SAPUCAIA DO SUL - RS;L.III,ART.1-K.DIF. PARCIAL NAO ESPECIFICADO;Aplicado " Diferimento parcial de 29,41176% do valor da operacao conformeLivroIII,TituloI, CapituloI, Secao II,Art.1oKdo RICMS.;|
|C170|1|2805|SACOLA VIP 30X40 BRANCA CX COM 1.000 UN PLAMER|1|CX|38,9|0|0|051|5102|5102000|38,9|17|4,67|0|0|0||||0|0|0|01|38,9|1,65|||0,64|01|38,9|7,6|||2,96|265|
|C170|2|2805|SACOLA VIP 30X40 BRANCA CX COM 1.000 UN PLAMER|1|CX|38,9|0|0|051|5102|5102000|38,9|17|4,67|0|0|0||||0|0|0|01|38,9|1,65|||0,64|01|38,9|7,6|||2,96|265|
|C170|3|2906|LUVA VINIL VABENE C/PO GG C/100UN|12|Un|533,28|0|0|051|5102|5102000|533,28|17|63,99|0|0|0||||0|0|0|01|533,28|1,65|||8,8|01|533,28|7,6|||40,53|265|
|C100|1|0|11823|55|00|0|6623|43230109624855000168550000000066231991499211|18012023|18012023|212,43|1|6,57|0|219|0|0|0|0|123,91|14,87|0|0|0|3,61|16,64|0|0|
|C110|115|Pedido(s):35574;Vendedor:VENDAS;SAPUCAIA DO SUL - RS;RICMS/RS - LIVRO I, ARTIGO 23, INCISO LX, ALINEA "B"; LIVRO I, ARTIGO 27, INCISO V E APENDICE I, SECAO II. ;|
|C170|1|2525|ERVA MATE LAGO VERDE NATIVA 1 KG|10|Un|105|3,15|0|020|5102|5102000|59,41|12|7,13|0|0|0||||0|0|0|01|105|1,65|||1,73|01|105|7,6|||7,98|265|
|C170|2|2508|ERVA MATE LAGO VERDE NATIVA 500GR|20|Un|114|3,42|0|020|5102|5102000|64,5|12|7,74|0|0|0||||0|0|0|01|114|1,65|||1,88|01|114|7,6|||8,66|265|
|C100|1|0|431|55|00|0|6630|43230109624855000168550000000066301648991273|20012023|20012023|249,15|1|0|0|249,15|0|0|0|0|249,15|29,9|0|0|0|2,88|13,25|0|0|
|C110|136|Pedido(s):35748;Vendedor:VENDAS;SAPUCAIA DO SUL - RS;L.III,ART.1-K.DIF. PARCIAL NAO ESPECIFICADO;Aplicado " Diferimento parcial de 29,41176% do valor da operacao conformeLivroIII,TituloI, CapituloI, Secao II,Art.1oKdo RICMS.;|
|C170|1|3424|QUEIJO RALADO TUPY 40GR|25|Un|74,75|0|0|051|5102|5102000|74,75|17|8,97|0|0|0||||0|0|0|06|0|0|||0|06|0|0|||0|265|
|C170|2|2023|BATATA PALHA 70GR SANTA JUSTINA|20|Un|57|0|0|051|5102|5102000|57|17|6,84|0|0|0||||0|0|0|01|57|1,65|||0,94|01|57|7,6|||4,33|265|
|C170|3|2699|FOUDANT DE LEITE BOA VISTA 50 GR C/20|1|Un|33,5|0|0|051|5102|5102000|33,5|17|4,02|0|0|0||||0|0|0|01|33,5|1,65|||0,55|01|33,5|7,6|||2,55|265|
|C170|4|2709|TORRAO IDEAL POTE C/22 (PACOCA AMENDOIM)|1|Un|26,5|0|0|051|5102|5102000|26,5|17|3,18|0|0|0||||0|0|0|01|26,5|1,65|||0,44|01|26,5|7,6|||2,01|265|
|C170|5|2701|PACOCA BIG ROLHA IVOTI 52GR C/22|1|Un|27,9|0|0|051|5102|5102000|27,9|17|3,35|0|0|0||||0|0|0|01|27,9|1,65|||0,46|01|27,9|7,6|||2,12|265|
|C170|6|2706|RAPADURA TORRAO DE AMENDOIM BOA VISTA 80GR C/20|1|Un|29,5|0|0|051|5102|5102000|29,5|17|3,54|0|0|0||||0|0|0|01|29,5|1,65|||0,49|01|29,5|7,6|||2,24|265|
|C100|1|0|7838|55|00|0|6629|43230109624855000168550000000066291015757911|20012023|20012023|670,12|1|0|0|670,12|0|0|0|0|317,61|38,11|0|0|0|11,06|50,95|0|0|
|C110|134|Pedido(s):35780;Vendedor:VENDAS;SAPUCAIA DO SUL - RS;Aplicado " Diferimento parcial de 29,41176% do valor da operacao conformeLivroIII,TituloI, CapituloI, Secao II,Art.1oKdo RICMS.;RICMS/RS - LIVRO I, ARTIGO 23, INCISO LX, ALINEA "B"; LIVRO I, ARTIGO 27,|
|C170|1|2701|PACOCA BIG ROLHA IVOTI 52GR C/22|2|Un|55,8|0|0|051|5102|5102000|55,8|17|6,7|0|0|0||||0|0|0|01|55,8|1,65|||0,92|01|55,8|7,6|||4,24|265|
|C170|2|2709|TORRAO IDEAL POTE C/22 (PACOCA AMENDOIM)|1|Un|25,75|0|0|051|5102|5102000|25,75|17|3,09|0|0|0||||0|0|0|01|25,75|1,65|||0,42|01|25,75|7,6|||1,96|265|
|C170|3|2108|VINHO TINTO SUAVE PET JACARE 1,45L|6|Un|62,94|0|0|051|5102|5102000|62,94|17|7,55|0|0|0||||0|0|0|01|62,94|1,65|||1,04|01|62,94|7,6|||4,78|265|
|C170|4|3206|SACO DE LIXO 15 LT LIX FLEX C/20 UNID ALMOFADA|25|Un|62,25|0|0|051|5102|5102000|62,25|17|7,47|0|0|0||||0|0|0|01|62,25|1,65|||1,03|01|62,25|7,6|||4,73|265|
|C170|5|2898|CORDA PARA VARAL REF.05|30|Un|53,7|0|0|051|5102|5102000|53,7|17|6,44|0|0|0||||0|0|0|01|53,7|1,65|||0,89|01|53,7|7,6|||4,08|265|
|C170|6|2515|ERVA MATE LAGO VERDE SOLTA C/10KG|1|FD|98|0|0|020|5102|5102000|57,17|12|6,86|0|0|0||||0|0|0|01|98|1,65|||1,62|01|98|7,6|||7,45|265|
|C170|7|2066|COROTE MENTA 500ML|12|Un|44,28|0|0|060|5405|5405000|0|0|0|0|0|0||||0|0|0|01|44,28|1,65|||0,73|01|44,28|7,6|||3,37|265|
|C170|8|2068|COROTE PESSEGO 500ML|12|Un|44,28|0|0|060|5405|5405000|0|0|0|0|0|0||||0|0|0|01|44,28|1,65|||0,73|01|44,28|7,6|||3,37|265|
|C170|9|2063|COROTE CANELINHA 500ML|12|Un|44,28|0|0|060|5405|5405000|0|0|0|0|0|0||||0|0|0|01|44,28|1,65|||0,73|01|44,28|7,6|||3,37|265|
|C170|10|2064|COROTE LIMAO 500ML|24|Un|88,56|0|0|060|5405|5405000|0|0|0|0|0|0||||0|0|0|01|88,56|1,65|||1,46|01|88,56|7,6|||6,73|265|
|C170|11|3221|CACHACA VELHA CARRETA 800 ML|12|Un|44,28|0|0|060|5405|5405000|0|0|0|0|0|0||||0|0|0|01|44,28|1,65|||0,73|01|44,28|7,6|||3,37|265|
|C170|12|2624|GUARDANAPO BRANKITO 20X22 C/20|2|FD|46|0|0|060|5405|5405000|0|0|0|0|0|0||||0|0|0|01|46|1,65|||0,76|01|46|7,6|||3,5|265|
|C100|1|0|3342|55|00|0|6622|43230109624855000168550000000066221093207133|18012023|18012023|190,12|1|5,88|0|196|0|0|0|0|110,9|13,31|0|0|0|3,23|14,9|0|0|
|C110|123|Pedido(s):35577;Vendedor:VENDAS;SAPUCAIA DO SUL - RS;RICMS/RS - LIVRO I, ARTIGO 23, INCISO LX, ALINEA "B"; LIVRO I, ARTIGO 27, INCISO V E APENDICE I, SECAO II. ;|
|C170|1|2515|ERVA MATE LAGO VERDE SOLTA C/10KG|2|FD|196|5,88|0|020|5102|5102000|110,9|12|13,31|0|0|0||||0|0|0|01|196|1,65|||3,23|01|196|7,6|||14,9|265|
|C100|1|0||55|02|0|6621|43230109624855000168550000000066211109320462|||||||||||||||||||||
|C100|1|0|10797|55|00|0|6620|43230109624855000168550000000066201620935844|18012023|18012023|680,16|1|21,06|0|701,22|0|0|0|0|680,16|81,64|0|0|0|11,57|53,3|0|0|
|C110|107|Pedido(s):35609;Vendedor:VENDAS;SAPUCAIA DO SUL - RS;Aplicado " Diferimento parcial de 29,41176% do valor da operacao conformeLivroIII,TituloI, CapituloI, Secao II,Art.1oKdo RICMS.;|
|C170|1|2405|VELA SANDERO 7 DIAS BRANCA (235G)|12|Un|107,88|3,24|0|051|5102|5102000|104,64|17|12,56|0|0|0||||0|0|0|01|107,88|1,65|||1,78|01|107,88|7,6|||8,2|265|
|C170|2|3460|VELA SANDERO 7 DIAS AMARELA 235 GR|6|Un|53,94|1,62|0|051|5102|5102000|52,32|17|6,28|0|0|0||||0|0|0|01|53,94|1,65|||0,89|01|53,94|7,6|||4,1|265|
|C170|3|2409|VELA SANDERO 7 DIAS AZUL (235G)|12|Un|107,88|3,24|0|051|5102|5102000|104,64|17|12,56|0|0|0||||0|0|0|01|107,88|1,65|||1,78|01|107,88|7,6|||8,2|265|
|C170|4|3459|VELA SANDERO 7 DIAS VERMELHA 235 GR|12|Un|107,88|3,24|0|051|5102|5102000|104,64|17|12,56|0|0|0||||0|0|0|01|107,88|1,65|||1,78|01|107,88|7,6|||8,2|265|
|C170|5|2416|VELA SANDERO 7 DIAS ROSA (235G)|12|Un|107,88|3,24|0|051|5102|5102000|104,64|17|12,56|0|0|0||||0|0|0|01|107,88|1,65|||1,78|01|107,88|7,6|||8,2|265|
|C170|6|2413|VELA SANDERO 7 DIAS PR/VM (235G)|12|CX|107,88|3,24|0|051|5102|5102000|104,64|17|12,56|0|0|0||||0|0|0|01|107,88|1,65|||1,78|01|107,88|7,6|||8,2|265|
|C170|7|2406|VELA SANDERO 7 DIAS - 7 CORES (235G)|12|CX|107,88|3,24|0|051|5102|5102000|104,64|17|12,56|0|0|0||||0|0|0|01|107,88|1,65|||1,78|01|107,88|7,6|||8,2|265|
|C100|1|0|13589|55|00|0|6619|43230109624855000168550000000066191912318232|18012023|18012023|190,12|1|5,88|0|196|0|0|0|0|110,9|13,31|0|0|0|3,23|14,9|0|0|
|C110|130|Pedido(s):35575;Vendedor:VENDAS;SAPUCAIA DO SUL - RS;RICMS/RS - LIVRO I, ARTIGO 23, INCISO LX, ALINEA "B"; LIVRO I, ARTIGO 27, INCISO V E APENDICE I, SECAO II. ;|
|C170|1|2515|ERVA MATE LAGO VERDE SOLTA C/10KG|2|FD|196|5,88|0|020|5102|5102000|110,9|12|13,31|0|0|0||||0|0|0|01|196|1,65|||3,23|01|196|7,6|||14,9|265|
|C100|1|0|13589|55|00|0|6618|43230109624855000168550000000066181632758715|18012023|18012023|723,76|1|22,41|0|746,17|0|0|0|0|723,76|86,87|0|0|0|12,32|56,72|0|0|
|C110|89|Pedido(s):35611;Vendedor:VENDAS;SAPUCAIA DO SUL - RS;Aplicado " Diferimento parcial de 29,41176% do valor da operacao conformeLivroIII,TituloI, CapituloI, Secao II,Art.1oKdo RICMS.;|
|C170|1|2405|VELA SANDERO 7 DIAS BRANCA (235G)|12|Un|107,88|3,24|0|051|5102|5102000|104,64|17|12,56|0|0|0||||0|0|0|01|107,88|1,65|||1,78|01|107,88|7,6|||8,2|265|
|C170|2|3459|VELA SANDERO 7 DIAS VERMELHA 235 GR|12|Un|107,88|3,24|0|051|5102|5102000|104,64|17|12,56|0|0|0||||0|0|0|01|107,88|1,65|||1,78|01|107,88|7,6|||8,2|265|
|C170|3|3460|VELA SANDERO 7 DIAS AMARELA 235 GR|9|Un|80,91|2,43|0|051|5102|5102000|78,48|17|9,42|0|0|0||||0|0|0|01|80,91|1,65|||1,34|01|80,91|7,6|||6,15|265|
|C170|4|2409|VELA SANDERO 7 DIAS AZUL (235G)|12|Un|107,88|3,24|0|051|5102|5102000|104,64|17|12,56|0|0|0||||0|0|0|01|107,88|1,65|||1,78|01|107,88|7,6|||8,2|265|
|C170|5|3475|VELA SANDERO 7 DIAS VR/BR/PR 235G|12|Un|107,88|3,24|0|051|5102|5102000|104,64|17|12,56|0|0|0||||0|0|0|01|107,88|1,65|||1,78|01|107,88|7,6|||8,2|265|
|C170|6|2413|VELA SANDERO 7 DIAS PR/VM (235G)|12|CX|107,88|3,24|0|051|5102|5102000|104,64|17|12,56|0|0|0||||0|0|0|01|107,88|1,65|||1,78|01|107,88|7,6|||8,2|265|
|C170|7|2975|VELA SANDERO 7 DIAS AZUL/BRANCA 235GR|9|Un|80,91|2,43|0|051|5102|5102000|78,48|17|9,42|0|0|0||||0|0|0|01|80,91|1,65|||1,34|01|80,91|7,6|||6,15|265|
|C170|8|2416|VELA SANDERO 7 DIAS ROSA (235G)|5|Un|44,95|1,35|0|051|5102|5102000|43,6|17|5,23|0|0|0||||0|0|0|01|44,95|1,65|||0,74|01|44,95|7,6|||3,42|265|
|C100|1|0|2282|55|00|0|6628|43230109624855000168550000000066281316639953|19012023|19012023|1654|1|0|0|1654|0|0|0|0|1654|281,18|0|0|0|27,29|125,71|0|0|
|C110|93|Pedido(s):35592;Vendedor:VENDAS;SAPUCAIA DO SUL - RS;|
|C170|1|2167|BOBINA PLASTICA 5KG RECICLADA MB|20|Un|458|0|0|000|5102|5102000|458|17|77,86|0|0|0||||0|0|0|01|458|1,65|||7,56|01|458|7,6|||34,81|265|
|C170|2|2163|BOBINA PLASTICA 5KG MB 28X41CM|40|Un|1196|0|0|000|5102|5102000|1196|17|203,32|0|0|0||||0|0|0|01|1196|1,65|||19,73|01|1196|7,6|||90,9|265|
|C100|1|0|3342|55|00|0|6617|43230109624855000168550000000066171035829607|18012023|18012023|1246,72|1|38,85|0|1285,57|0|0|0|0|1246,72|149,56|0|0|0|21,21|97,72|0|0|
|C110|76|Pedido(s):35601;Vendedor:VENDAS;SAPUCAIA DO SUL - RS;Aplicado " Diferimento parcial de 29,41176% do valor da operacao conformeLivroIII,TituloI, CapituloI, Secao II,Art.1oKdo RICMS.;|
|C170|1|2405|VELA SANDERO 7 DIAS BRANCA (235G)|12|Un|107,88|3,26|0|051|5102|5102000|104,62|17|12,55|0|0|0||||0|0|0|01|107,88|1,65|||1,78|01|107,88|7,6|||8,2|265|
|C170|2|2415|VELA SANDERO 7 DIAS RO/BR/AZ (235G)|12|CX|107,88|3,26|0|051|5102|5102000|104,62|17|12,55|0|0|0||||0|0|0|01|107,88|1,65|||1,78|01|107,88|7,6|||8,2|265|
|C170|3|2410|VELA SANDERO 7 DIAS BR/PR (235G)|12|CX|107,88|3,26|0|051|5102|5102000|104,62|17|12,55|0|0|0||||0|0|0|01|107,88|1,65|||1,78|01|107,88|7,6|||8,2|265|
|C170|4|3272|VELA SANDERO 7 DIAS MARRON 235GR|11|Un|98,89|2,99|0|051|5102|5102000|95,9|17|11,51|0|0|0||||0|0|0|01|98,89|1,65|||1,63|01|98,89|7,6|||7,52|265|
|C170|5|2416|VELA SANDERO 7 DIAS ROSA (235G)|12|Un|107,88|3,26|0|051|5102|5102000|104,62|17|12,55|0|0|0||||0|0|0|01|107,88|1,65|||1,78|01|107,88|7,6|||8,2|265|
|C170|6|2412|VELA SANDERO 7 DIAS LARANJA (235G)|12|CX|107,88|3,26|0|051|5102|5102000|104,62|17|12,55|0|0|0||||0|0|0|01|107,88|1,65|||1,78|01|107,88|7,6|||8,2|265|
|C170|7|2975|VELA SANDERO 7 DIAS AZUL/BRANCA 235GR|12|Un|107,88|3,26|0|051|5102|5102000|104,62|17|12,55|0|0|0||||0|0|0|01|107,88|1,65|||1,78|01|107,88|7,6|||8,2|265|
|C170|8|2418|VELA SANDERO 7 DIAS VD/BR/VM (235G)|12|Un|107,88|3,26|0|051|5102|5102000|104,62|17|12,55|0|0|0||||0|0|0|01|107,88|1,65|||1,78|01|107,88|7,6|||8,2|265|
|C170|9|2414|VELA SANDERO 7 DIAS PRETA (235G)|12|CX|107,88|3,26|0|051|5102|5102000|104,62|17|12,55|0|0|0||||0|0|0|01|107,88|1,65|||1,78|01|107,88|7,6|||8,2|265|
|C170|10|3460|VELA SANDERO 7 DIAS AMARELA 235 GR|12|Un|107,88|3,26|0|051|5102|5102000|104,62|17|12,55|0|0|0||||0|0|0|01|107,88|1,65|||1,78|01|107,88|7,6|||8,2|265|
|C170|11|3459|VELA SANDERO 7 DIAS VERMELHA 235 GR|12|Un|107,88|3,26|0|051|5102|5102000|104,62|17|12,55|0|0|0||||0|0|0|01|107,88|1,65|||1,78|01|107,88|7,6|||8,2|265|
|C170|12|2409|VELA SANDERO 7 DIAS AZUL (235G)|12|Un|107,88|3,26|0|051|5102|5102000|104,62|17|12,55|0|0|0||||0|0|0|01|107,88|1,65|||1,78|01|107,88|7,6|||8,2|265|
|C100|1|0|11112|55|00|0|6616|43230109624855000168550000000066161452041648|18012023|18012023|243|1|0|0|243|0|0|0|0|141,74|17|0|0|0|4,01|18,47|0|0|
|C110|81|Pedido(s):35483;Vendedor:VENDAS;SAPUCAIA DO SUL - RS;RICMS/RS - LIVRO I, ARTIGO 23, INCISO LX, ALINEA "B"; LIVRO I, ARTIGO 27, INCISO V E APENDICE I, SECAO II. ;|
|C170|1|2525|ERVA MATE LAGO VERDE NATIVA 1 KG|15|Un|157,5|0|0|020|5102|5102000|91,87|12|11,02|0|0|0||||0|0|0|01|157,5|1,65|||2,6|01|157,5|7,6|||11,97|265|
|C170|2|2508|ERVA MATE LAGO VERDE NATIVA 500GR|15|Un|85,5|0|0|020|5102|5102000|49,87|12|5,98|0|0|0||||0|0|0|01|85,5|1,65|||1,41|01|85,5|7,6|||6,5|265|
|C100|1|0|644|55|00|0|6615|43230109624855000168550000000066151738045320|18012023|18012023|321|1|0|0|321|0|0|0|0|187,24|22,46|0|0|0|5,3|24,39|0|0|
|C110|73|Pedido(s):35713;Vendedor:VENDAS;SAPUCAIA DO SUL - RS;RICMS/RS - LIVRO I, ARTIGO 23, INCISO LX, ALINEA "B"; LIVRO I, ARTIGO 27, INCISO V E APENDICE I, SECAO II. ;|
|C170|1|2525|ERVA MATE LAGO VERDE NATIVA 1 KG|15|Un|157,5|0|0|020|5102|5102000|91,87|12|11,02|0|0|0||||0|0|0|01|157,5|1,65|||2,6|01|157,5|7,6|||11,97|265|
|C170|2|2508|ERVA MATE LAGO VERDE NATIVA 500GR|10|Un|57|0|0|020|5102|5102000|33,25|12|3,99|0|0|0||||0|0|0|01|57|1,65|||0,94|01|57|7,6|||4,33|265|
|C170|3|2505|ERVA MATE LAGO VERDE COMPOSTA 500GR|15|Un|106,5|0|0|020|5102|5102000|62,12|12|7,45|0|0|0||||0|0|0|01|106,5|1,65|||1,76|01|106,5|7,6|||8,09|265|
|C100|1|0|425|55|00|0|6614|43230109624855000168550000000066141752718452|18012023|18012023|494,6|1|0|0|494,6|0|0|0|0|288,52|34,63|0|0|0|8,17|37,58|0|0|
|C110|87|Pedido(s):35712;Vendedor:VENDAS;SAPUCAIA DO SUL - RS;RICMS/RS - LIVRO I, ARTIGO 23, INCISO LX, ALINEA "B"; LIVRO I, ARTIGO 27, INCISO V E APENDICE I, SECAO II. ;|
|C170|1|2508|ERVA MATE LAGO VERDE NATIVA 500GR|20|Un|110|0|0|020|5102|5102000|64,17|12|7,7|0|0|0||||0|0|0|01|110|1,65|||1,82|01|110|7,6|||8,36|265|
|C170|2|2505|ERVA MATE LAGO VERDE COMPOSTA 500GR|20|Un|139,8|0|0|020|5102|5102000|81,55|12|9,79|0|0|0||||0|0|0|01|139,8|1,65|||2,31|01|139,8|7,6|||10,62|265|
|C170|3|2506|ERVA MATE LAGO VERDE COMPOSTA MENTA 500G|20|Un|139,8|0|0|020|5102|5102000|81,55|12|9,79|0|0|0||||0|0|0|01|139,8|1,65|||2,31|01|139,8|7,6|||10,62|265|
|C170|4|2525|ERVA MATE LAGO VERDE NATIVA 1 KG|10|Un|105|0|0|020|5102|5102000|61,25|12|7,35|0|0|0||||0|0|0|01|105|1,65|||1,73|01|105|7,6|||7,98|265|
|C100|1|0|145|55|00|0|6627|43230109624855000168550000000066271922999552|19012023|19012023|598,4|1|0|0|598,4|0|0|0|0|497,25|79,37|0|0|0|9,88|45,47|0|0|
|C110|59|Pedido(s):35671;Vendedor:VENDAS;SAPUCAIA DO SUL - RS;Aplicado " Diferimento parcial de 29,41176% do valor da operacao conformeLivroIII,TituloI, CapituloI, Secao II,Art.1oKdo RICMS.;RICMS/RS - LIVRO I, ARTIGO 23, INCISO LX, ALINEA "B"; LIVRO I, ARTIGO 27,|
|C170|1|2766|SACOLA BRANCA NINUS PARA PAO 40X50 C/800|1|CX|92,9|0|0|000|5102|5102000|92,9|17|15,79|0|0|0||||0|0|0|01|92,9|1,65|||1,53|01|92,9|7,6|||7,06|265|
|C170|2|2805|SACOLA VIP 30X40 BRANCA CX COM 1.000 UN PLAMER|1|CX|39,9|0|0|051|5102|5102000|39,9|17|4,79|0|0|0||||0|0|0|01|39,9|1,65|||0,66|01|39,9|7,6|||3,03|265|
|C170|3|2508|ERVA MATE LAGO VERDE NATIVA 500GR|10|Un|57|0|0|020|5102|5102000|33,25|12|3,99|0|0|0||||0|0|0|01|57|1,65|||0,94|01|57|7,6|||4,33|265|
|C170|4|2803|SACOLA REC. AMARELA 40X50 NINUS C/2,5 KG|4|FD|159,6|0|0|000|5102|5102000|159,6|17|27,13|0|0|0||||0|0|0|01|159,6|1,65|||2,63|01|159,6|7,6|||12,13|265|
|C170|5|2800|SACOLA REC. AMARELA 30X45 NINUS C/ 1,8KG|3|CX|86,7|0|0|000|5102|5102000|86,7|17|14,74|0|0|0||||0|0|0|01|86,7|1,65|||1,43|01|86,7|7,6|||6,59|265|
|C170|6|3000|SACOLA TOP 30X40 BRANCA CX COM 1.000 UN PLAMER|1|CX|54,9|0|0|000|5102|5102000|54,9|17|9,33|0|0|0||||0|0|0|01|54,9|1,65|||0,91|01|54,9|7,6|||4,17|265|
|C170|7|2445|FILTRO P/ BOMBA CHIMARRAO C/20|2|CT|30|0|0|051|5102|5102000|30|17|3,6|0|0|0||||0|0|0|01|30|1,65|||0,5|01|30|7,6|||2,28|265|
|C170|8|2042|COCKTAIL VODKA KISLLA BLUE BERRY VD 890ML|6|Un|77,4|0|0|060|5405|5405000|0|0|0|0|0|0||||0|0|0|01|77,4|1,65|||1,28|01|77,4|7,6|||5,88|265|
|C100|1|0|13588|55|00|0|6613|43230109624855000168550000000066131494484708|18012023|18012023|730,16|1|0|0|730,16|0|0|0|0|730,16|124,1|0|0|0|10,58|48,65|0|0|
|C110|88|Pedido(s):35665;Vendedor:VENDAS;SAPUCAIA DO SUL - RS;|
|C170|1|2469|MILHO VERDE ODERICH 200G|24|Un|81,36|0|0|000|5102|5102000|81,36|17|13,83|0|0|0||||0|0|0|01|81,36|1,65|||1,34|01|81,36|7,6|||6,18|265|
|C170|2|2863|SUCO POP FRUTA UVA 25GR - DP C/20|16|DP|191,84|0|0|000|5102|5102000|191,84|17|32,61|0|0|0||||0|0|0|01|191,84|1,65|||3,17|01|191,84|7,6|||14,58|265|
|C170|3|2853|SUCO POP FRUTA LARANJA 25GR - DP C/20|16|DP|191,84|0|0|000|5102|5102000|191,84|17|32,61|0|0|0||||0|0|0|01|191,84|1,65|||3,17|01|191,84|7,6|||14,58|265|
|C170|4|3344|DETERGENTE GOTA LIMPA CRISTAL 500ML|24|Un|42,96|0|0|000|5102|5102000|42,96|17|7,3|0|0|0||||0|0|0|01|42,96|1,65|||0,71|01|42,96|7,6|||3,26|265|
|C170|5|3341|DETERGENTE GOTA LIMPA MACA 500ML|24|Un|42,96|0|0|000|5102|5102000|42,96|17|7,3|0|0|0||||0|0|0|01|42,96|1,65|||0,71|01|42,96|7,6|||3,26|265|
|C170|6|3343|DETERGENTE GOTA LIMPA NEUTRO 500ML|24|Un|42,96|0|0|000|5102|5102000|42,96|17|7,3|0|0|0||||0|0|0|01|42,96|1,65|||0,71|01|42,96|7,6|||3,26|265|
|C170|7|2548|FARINHA DE MILHO GROSSA MARAVILHOSA 1KG|10|Un|44,9|0|0|000|5102|5102000|44,9|17|7,63|0|0|0||||0|0|0|06|0|0|||0|06|0|0|||0|265|
|C170|8|3375|FARINHA DE MILHO MEDIA SILOTI 1KG|10|Un|44,9|0|0|000|5102|5102000|44,9|17|7,63|0|0|0||||0|0|0|06|0|0|||0|06|0|0|||0|265|
|C170|9|2613|MOLHO DE TOMATE TRADICIONAL FUGINI 300GR|36|Un|46,44|0|0|000|5102|5102000|46,44|17|7,89|0|0|0||||0|0|0|01|46,44|1,65|||0,77|01|46,44|7,6|||3,53|265|
|C100|1|0|1223|55|00|0|6612|43230109624855000168550000000066121179200432|17012023|17012023|277,6|1|0|0|277,6|0|0|0|0|277,6|33,31|0|0|0|4,58|21,1|0|0|
|C110|50|Pedido(s):35653;Vendedor:VENDAS;SAPUCAIA DO SUL - RS;L.III,ART.1-K.DIF. PARCIAL NAO ESPECIFICADO;Aplicado " Diferimento parcial de 29,41176% do valor da operacao conformeLivroIII,TituloI, CapituloI, Secao II,Art.1oKdo RICMS.;|
|C170|1|2304|AGUA SANITARIA ACTUALY 5L|12|Un|102|0|0|051|5102|5102000|102|17|12,24|0|0|0||||0|0|0|01|102|1,65|||1,68|01|102|7,6|||7,75|265|
|C170|2|2904|LUVA VINIL VABENE C/PO G C/100UN|10|Un|175,6|0|0|051|5102|5102000|175,6|17|21,07|0|0|0||||0|0|0|01|175,6|1,65|||2,9|01|175,6|7,6|||13,35|265|
|C100|1|0|1223|55|00|0|6611|43230109624855000168550000000066111959601811|17012023|17012023|3364,74|1|0|0|3364,74|0|0|0|0|3218,39|396,96|0|0|0|57,27|263,44|0|0|
|C110|51|Pedido(s):35653;Vendedor:VENDAS;SAPUCAIA DO SUL - RS;L.III,ART.1-K.DIF. PARCIAL NAO ESPECIFICADO;Aplicado " Diferimento parcial de 29,41176% do valor da operacao conformeLivroIII,TituloI, CapituloI, Secao II,Art.1oKdo RICMS.;RICMS/RS - LIVRO I, ARTIGO 23,|
|C170|1|2851|SUCO POP FRUTA ABACAXI 25GR - DP C/20|4|DP|50|0|0|051|5102|5102000|50|17|6|0|0|0||||0|0|0|01|50|1,65|||0,83|01|50|7,6|||3,8|265|
|C170|2|3328|SUCO POP FRUTA ABACAXI C/ HORTELA 25GR DP C/20|4|DP|50|0|0|051|5102|5102000|50|17|6|0|0|0||||0|0|0|01|50|1,65|||0,83|01|50|7,6|||3,8|265|
|C170|3|2866|SUCO POP FRUTA GOIABA 25GR - DP C/20|4|DP|50|0|0|051|5102|5102000|50|17|6|0|0|0||||0|0|0|01|50|1,65|||0,83|01|50|7,6|||3,8|265|
|C170|4|2852|SUCO POP FRUTA GUARANA 25GR - DP C/20|4|DP|50|0|0|051|5102|5102000|50|17|6|0|0|0||||0|0|0|01|50|1,65|||0,83|01|50|7,6|||3,8|265|
|C170|5|2855|SUCO POP FRUTA MANGA 25GR - DP C/20|4|DP|50|0|0|051|5102|5102000|50|17|6|0|0|0||||0|0|0|01|50|1,65|||0,83|01|50|7,6|||3,8|265|
|C170|6|2856|SUCO POP FRUTA MARACUJA 25GR - DP C/20|4|DP|50|0|0|051|5102|5102000|50|17|6|0|0|0||||0|0|0|01|50|1,65|||0,83|01|50|7,6|||3,8|265|
|C170|7|2858|SUCO POP FRUTA MIX DE FRUTAS 25GR - DP C/20|8|DP|100|0|0|051|5102|5102000|100|17|12|0|0|0||||0|0|0|01|100|1,65|||1,65|01|100|7,6|||7,6|265|
|C170|8|2859|SUCO POP FRUTA MORANGO 25GR - DP C/20|4|DP|50|0|0|051|5102|5102000|50|17|6|0|0|0||||0|0|0|01|50|1,65|||0,83|01|50|7,6|||3,8|265|
|C170|9|2860|SUCO POP FRUTA PERA 25GR - DP C/20|8|DP|100|0|0|051|5102|5102000|100|17|12|0|0|0||||0|0|0|01|100|1,65|||1,65|01|100|7,6|||7,6|265|
|C170|10|2862|SUCO POP FRUTA TANGERINA 25GR - DP C/20|4|DP|50|0|0|051|5102|5102000|50|17|6|0|0|0||||0|0|0|01|50|1,65|||0,83|01|50|7,6|||3,8|265|
|C170|11|2863|SUCO POP FRUTA UVA 25GR - DP C/20|8|DP|100|0|0|051|5102|5102000|100|17|12|0|0|0||||0|0|0|01|100|1,65|||1,65|01|100|7,6|||7,6|265|
|C170|12|2515|ERVA MATE LAGO VERDE SOLTA C/10KG|2|FD|196|0|0|020|5102|5102000|114,33|12|13,72|0|0|0||||0|0|0|01|196|1,65|||3,23|01|196|7,6|||14,9|265|
|C170|13|2812|GELATINA LIMAO NEILAR 30 GR|24|Un|27,6|0|0|051|5102|5102000|27,6|17|3,31|0|0|0||||0|0|0|01|27,6|1,65|||0,46|01|27,6|7,6|||2,1|265|
|C170|14|2814|GELATINA MARACUJA NEILAR 30GR|24|Un|27,6|0|0|051|5102|5102000|27,6|17|3,31|0|0|0||||0|0|0|01|27,6|1,65|||0,46|01|27,6|7,6|||2,1|265|
|C170|15|2834|GELATINA UVA NEILAR 20GR|24|Un|27,6|0|0|051|5102|5102000|27,6|17|3,31|0|0|0||||0|0|0|01|27,6|1,65|||0,46|01|27,6|7,6|||2,1|265|
|C170|16|2599|CATCHUP BISNAGA ODERICH 400G|24|Un|119,76|0|0|051|5102|5102000|119,76|17|14,37|0|0|0||||0|0|0|01|119,76|1,65|||1,98|01|119,76|7,6|||9,1|265|
|C170|17|2617|MOSTARDA BISNAGA ODERICH 190G|24|Un|74,16|0|0|051|5102|5102000|74,16|17|8,9|0|0|0||||0|0|0|01|74,16|1,65|||1,22|01|74,16|7,6|||5,64|265|
|C170|18|2619|MOSTARDA PICANTE ODERICH 190G|12|Un|37,08|0|0|051|5102|5102000|37,08|17|4,45|0|0|0||||0|0|0|01|37,08|1,65|||0,61|01|37,08|7,6|||2,82|265|
|C170|19|2608|MAIONESE BISNAGA ODERICH 170G|24|Un|90|0|0|051|5102|5102000|90|17|10,8|0|0|0||||0|0|0|01|90|1,65|||1,49|01|90|7,6|||6,84|265|
|C170|20|2611|MAIONESE STAND UP ODERICH 200G|48|Un|100,32|0|0|051|5102|5102000|100,32|17|12,04|0|0|0||||0|0|0|01|100,32|1,65|||1,66|01|100,32|7,6|||7,62|265|
|C170|21|3136|QUEIJO RALADO FINO DA SERRA 40G|25|Un|74,75|0|0|051|5102|5102000|74,75|17|8,97|0|0|0||||0|0|0|06|0|0|||0|06|0|0|||0|265|
|C170|22|2557|FERMENTO MONOPOL 50X11GR|1|CX|32,5|0|0|051|5102|5102000|32,5|17|3,9|0|0|0||||0|0|0|01|32,5|1,65|||0,54|01|32,5|7,6|||2,47|265|
|C170|23|2011|ALCOOL 1 LITRO 70 % FLOPS|24|Un|138,96|0|0|051|5102|5102000|138,96|17|16,68|0|0|0||||0|0|0|02|138,96|3,75|||5,21|02|138,96|17,25|||23,97|265|
|C170|24|3248|SACO DE LIXO 50LT LIX FLEX PRETO C/10 - ROLO|75|Un|186,75|0|0|051|5102|5102000|186,75|17|22,41|0|0|0||||0|0|0|01|186,75|1,65|||3,08|01|186,75|7,6|||14,19|265|
|C170|25|2429|COPO 400ML TRANSP. C/50|2|Un|20,98|0|0|051|5102|5102000|20,98|17|2,52|0|0|0||||0|0|0|01|20,98|1,65|||0,35|01|20,98|7,6|||1,59|265|
|C170|26|2807|SACOLA VIP 38X48 BRANCA CX C/1000 - PLAMER|1|CX|56,9|0|0|051|5102|5102000|56,9|17|6,83|0|0|0||||0|0|0|01|56,9|1,65|||0,94|01|56,9|7,6|||4,32|265|
|C170|27|2805|SACOLA VIP 30X40 BRANCA CX COM 1.000 UN PLAMER|1|CX|34,9|0|0|051|5102|5102000|34,9|17|4,19|0|0|0||||0|0|0|01|34,9|1,65|||0,58|01|34,9|7,6|||2,65|265|
|C170|28|3463|EMBALAGEM ECO. RETANG. ARTIC. V13 VIERPACK|100|Un|49|0|0|051|5102|5102000|49|17|5,88|0|0|0||||0|0|0|01|49|1,65|||0,81|01|49|7,6|||3,72|265|
|C170|29|3203|BOBINA MULTIDOBRA 30X39 AC PLAST C/500|12|Un|214,8|0|0|000|5102|5102000|214,8|17|36,52|0|0|0||||0|0|0|01|214,8|1,65|||3,54|01|214,8|7,6|||16,32|265|
|C170|30|2701|PACOCA BIG ROLHA IVOTI 52GR C/22|1|Un|27,9|0|0|051|5102|5102000|27,9|17|3,35|0|0|0||||0|0|0|01|27,9|1,65|||0,46|01|27,9|7,6|||2,12|265|
|C170|31|2699|FOUDANT DE LEITE BOA VISTA 50 GR C/20|1|Un|32,9|0|0|051|5102|5102000|32,9|17|3,95|0|0|0||||0|0|0|01|32,9|1,65|||0,54|01|32,9|7,6|||2,5|265|
|C170|32|2906|LUVA VINIL VABENE C/PO GG C/100UN|40|Un|1029,6|0|0|051|5102|5102000|1029,6|17|123,55|0|0|0||||0|0|0|01|1029,6|1,65|||16,99|01|1029,6|7,6|||78,25|265|
|C170|33|2627|PAPEL TOALHA BRANKITO 21X19|12|Un|64,68|0|0|060|5405|5405000|0|0|0|0|0|0||||0|0|0|01|64,68|1,65|||1,07|01|64,68|7,6|||4,92|265|
|C100|1|0|8633|55|00|0|6603|43230109624855000168550000000066031455675836|16012023|16012023|49|1|0|0|49|0|0|0|0|28,58|3,43|0|0|0|0,81|3,72|0|0|
|C110|86|Pedido(s):35612;Vendedor:VENDAS;SAPUCAIA DO SUL - RS;RICMS/RS - LIVRO I, ARTIGO 23, INCISO LX, ALINEA "B"; LIVRO I, ARTIGO 27, INCISO V E APENDICE I, SECAO II. ;|
|C170|1|2509|ERVA MATE LAGO VERDE SOLTA C/5KG|1|FD|49|0|0|020|5102|5102000|28,58|12|3,43|0|0|0||||0|0|0|01|49|1,65|||0,81|01|49|7,6|||3,72|265|
|C100|1|0|719|55|00|0|6610|43230109624855000168550000000066101367566649|17012023|17012023|512,25|1|0|0|512,25|0|0|0|0|512,25|61,47|0|0|0|8,45|38,93|0|0|
|C110|92|Pedido(s):35589;Vendedor:VENDAS;SAPUCAIA DO SUL - RS;Aplicado " Diferimento parcial de 29,41176% do valor da operacao conformeLivroIII,TituloI, CapituloI, Secao II,Art.1oKdo RICMS.;VALOR APROXIMADO TRIBUTOS R$ 21,51 (4,20%) Fonte: IBPT;|
|C170|1|2895|ALUMINIO 30CM X 7,5 METROS|25|Un|94,75|0|0|051|5102|5102000|94,75|17|11,37|0|0|0||||0|0|0|01|94,75|1,65|||1,56|01|94,75|7,6|||7,2|265|
|C170|2|2445|FILTRO P/ BOMBA CHIMARRAO C/20|4|CT|60|0|0|051|5102|5102000|60|17|7,2|0|0|0||||0|0|0|01|60|1,65|||0,99|01|60|7,6|||4,56|265|
|C170|3|2672|POTE TRANSPARENTE 200ML C/50|50|Un|357,5|0|0|051|5102|5102000|357,5|17|42,9|0|0|0||||0|0|0|01|357,5|1,65|||5,9|01|357,5|7,6|||27,17|265|
|C100|1|0|5478|55|00|0|6602|43230109624855000168550000000066021962549222|14012023|14012023|381,18|1|0|0|381,18|0|0|0|0|286,04|34,32|0|0|0|8,3|38,21|0|0|
|C110|47|Pedido(s):35495;Vendedor:VENDAS;SAPUCAIA DO SUL - RS;Aplicado " Diferimento parcial de 29,41176% do valor da operacao conformeLivroIII,TituloI, CapituloI, Secao II,Art.1oKdo RICMS.;RICMS/RS - LIVRO I, ARTIGO 23, INCISO LX, ALINEA "B"; LIVRO I, ARTIGO 27,|
|C170|1|2014|ALCOOL FLOPS 1L 92|12|Un|95,88|0|0|051|5102|5102000|95,88|17|11,51|0|0|0||||0|0|0|02|95,88|3,75|||3,6|02|95,88|17,25|||16,54|265|
|C170|2|2023|BATATA PALHA 70GR SANTA JUSTINA|20|Un|57|0|0|051|5102|5102000|57|17|6,84|0|0|0||||0|0|0|01|57|1,65|||0,94|01|57|7,6|||4,33|265|
|C170|3|2508|ERVA MATE LAGO VERDE NATIVA 500GR|10|Un|57|0|0|020|5102|5102000|33,25|12|3,99|0|0|0||||0|0|0|01|57|1,65|||0,94|01|57|7,6|||4,33|265|
|C170|4|2505|ERVA MATE LAGO VERDE COMPOSTA 500GR|10|Un|69,9|0|0|020|5102|5102000|40,77|12|4,89|0|0|0||||0|0|0|01|69,9|1,65|||1,15|01|69,9|7,6|||5,31|265|
|C170|5|2506|ERVA MATE LAGO VERDE COMPOSTA MENTA 500G|10|Un|69,9|0|0|020|5102|5102000|40,77|12|4,89|0|0|0||||0|0|0|01|69,9|1,65|||1,15|01|69,9|7,6|||5,31|265|
|C170|6|2525|ERVA MATE LAGO VERDE NATIVA 1 KG|3|Un|31,5|0|0|020|5102|5102000|18,37|12|2,2|0|0|0||||0|0|0|01|31,5|1,65|||0,52|01|31,5|7,6|||2,39|265|
|C100|1|0|4986|55|00|0|6609|43230109624855000168550000000066091338506756|17012023|17012023|265,75|1|0|0|265,75|0|0|0|0|236,46|28,38|0|0|0|3,15|14,51|0|0|
|C110|49|Pedido(s):35640;Vendedor:VENDAS;SAPUCAIA DO SUL - RS;L.III,ART.1-K.DIF. PARCIAL NAO ESPECIFICADO;Aplicado " Diferimento parcial de 29,41176% do valor da operacao conformeLivroIII,TituloI, CapituloI, Secao II,Art.1oKdo RICMS.;RICMS/RS - LIVRO I, ARTIGO 23,|
|C170|1|2509|ERVA MATE LAGO VERDE SOLTA C/5KG|1|FD|47,5|0|0|020|5102|5102000|27,71|12|3,32|0|0|0||||0|0|0|01|47,5|1,65|||0,78|01|47,5|7,6|||3,61|265|
|C170|2|2508|ERVA MATE LAGO VERDE NATIVA 500GR|4|Un|22,8|0|0|020|5102|5102000|13,3|12|1,6|0|0|0||||0|0|0|01|22,8|1,65|||0,38|01|22,8|7,6|||1,73|265|
|C170|3|2560|FERMENTO TOK 30X10GR|1|CX|24,9|0|0|051|5102|5102000|24,9|17|2,99|0|0|0||||0|0|0|01|24,9|1,65|||0,41|01|24,9|7,6|||1,89|265|
|C170|4|3424|QUEIJO RALADO TUPY 40GR|25|Un|74,75|0|0|051|5102|5102000|74,75|17|8,97|0|0|0||||0|0|0|06|0|0|||0|06|0|0|||0|265|
|C170|5|3178|LUVA VINIFLEX VABENE P C/ 100UN|10|Un|95,8|0|0|051|5102|5102000|95,8|17|11,5|0|0|0||||0|0|0|01|95,8|1,65|||1,58|01|95,8|7,6|||7,28|265|
|C100|1|0|13583|55|00|0|6608|43230109624855000168550000000066081163543197|17012023|17012023|494,04|1|0|0|494,04|0|0|0|0|341,47|40,97|0|0|0|8,43|38,82|0|0|
|C110|71|Pedido(s):35645;Vendedor:VENDAS;SAPUCAIA DO SUL - RS;Aplicado " Diferimento parcial de 29,41176% do valor da operacao conformeLivroIII,TituloI, CapituloI, Secao II,Art.1oKdo RICMS.;RICMS/RS - LIVRO I, ARTIGO 23, INCISO LX, ALINEA "B"; LIVRO I, ARTIGO 27,|
|C170|1|2515|ERVA MATE LAGO VERDE SOLTA C/10KG|1|FD|98|0|0|020|5102|5102000|57,17|12|6,86|0|0|0||||0|0|0|01|98|1,65|||1,62|01|98|7,6|||7,45|265|
|C170|2|2525|ERVA MATE LAGO VERDE NATIVA 1 KG|4|Un|42|0|0|020|5102|5102000|24,5|12|2,94|0|0|0||||0|0|0|01|42|1,65|||0,69|01|42|7,6|||3,19|265|
|C170|3|2014|ALCOOL FLOPS 1L 92|12|Un|87,48|0|0|051|5102|5102000|87,48|17|10,5|0|0|0||||0|0|0|02|87,48|3,75|||3,28|02|87,48|17,25|||15,09|265|
|C170|4|3280|SABAO IMPERIAL COCO JUNIOR 200GR|12|Un|38,28|0|0|051|5102|5102000|38,28|17|4,59|0|0|0||||0|0|0|01|38,28|1,65|||0,63|01|38,28|7,6|||2,91|265|
|C170|5|2900|ESPETO BAMBU 30CM PARANA C/50|10|Un|36,9|0|0|051|5102|5102000|36,9|17|4,43|0|0|0||||0|0|0|01|36,9|1,65|||0,61|01|36,9|7,6|||2,8|265|
|C170|6|3181|COPO DESCARTAVEL 300ML BRANCO C/100 ABNT IBRAS|6|Un|47,94|0|0|051|5102|5102000|47,94|17|5,75|0|0|0||||0|0|0|01|47,94|1,65|||0,79|01|47,94|7,6|||3,64|265|
|C170|7|2445|FILTRO P/ BOMBA CHIMARRAO C/20|1|CT|15|0|0|051|5102|5102000|15|17|1,8|0|0|0||||0|0|0|01|15|1,65|||0,25|01|15|7,6|||1,14|265|
|C170|8|2556|FERMENTO MONOPOL 100GR POTE|12|Un|34,2|0|0|051|5102|5102000|34,2|17|4,1|0|0|0||||0|0|0|01|34,2|1,65|||0,56|01|34,2|7,6|||2,6|265|
|C170|9|3286|PAPEL HIGIENICO FOLHA DUPLA DUETTO NEUTRO 30M C/4|16|Un|94,24|0|0|060|5405|5405000|0|0|0|0|0|0||||0|0|0|06|0|0|||0|06|0|0|||0|265|
|C100|1|0|719|55|00|0|6601|43230109624855000168550000000066011912701732|14012023|14012023|2624,54|1|0|0|2624,54|0|0|0|0|2529,23|304,74|0|0|0|43,26|199,4|0|0|
|C110|83|Pedido(s):35587;Vendedor:VENDAS;SAPUCAIA DO SUL - RS;Aplicado " Diferimento parcial de 29,41176% do valor da operacao conformeLivroIII,TituloI, CapituloI, Secao II,Art.1oKdo RICMS.;RICMS/RS - LIVRO I, ARTIGO 23, INCISO LX, ALINEA "B"; LIVRO I, ARTIGO 27,|
|C170|1|2506|ERVA MATE LAGO VERDE COMPOSTA MENTA 500G|20|Un|139,8|0|0|020|5102|5102000|81,55|12|9,79|0|0|0||||0|0|0|01|139,8|1,65|||2,31|01|139,8|7,6|||10,62|265|
|C170|2|2649|MOP BRUXINA 190 MARLY|12|Un|74,28|0|0|051|5102|5102000|74,28|17|8,91|0|0|0||||0|0|0|01|74,28|1,65|||1,23|01|74,28|7,6|||5,65|265|
|C170|3|3081|PRENDEDOR DE ROUPA PLASTICO C/12 PRIMAVERA|50|Un|99,5|0|0|051|5102|5102000|99,5|17|11,94|0|0|0||||0|0|0|01|99,5|1,65|||1,64|01|99,5|7,6|||7,56|265|
|C170|4|3206|SACO DE LIXO 15 LT LIX FLEX C/20 UNID ALMOFADA|25|Un|67,25|0|0|051|5102|5102000|67,25|17|8,07|0|0|0||||0|0|0|01|67,25|1,65|||1,11|01|67,25|7,6|||5,11|265|
|C170|5|2900|ESPETO BAMBU 30CM PARANA C/50|30|Un|110,7|0|0|051|5102|5102000|110,7|17|13,28|0|0|0||||0|0|0|01|110,7|1,65|||1,83|01|110,7|7,6|||8,41|265|
|C170|6|2632|PAPEL MANTEIGA GOURMET VABENE 30CMX4M|25|Un|97,25|0|0|051|5102|5102000|97,25|17|11,67|0|0|0||||0|0|0|01|97,25|1,65|||1,6|01|97,25|7,6|||7,39|265|
|C170|7|3358|COCO RALADO ADOCADO COCO BOM 50G|50|Un|99,5|0|0|051|5102|5102000|99,5|17|11,94|0|0|0||||0|0|0|01|99,5|1,65|||1,64|01|99,5|7,6|||7,56|265|
|C170|8|2589|MISTURA BOLO SABOR CHOCOLATE TOK 400GR|12|Un|43,08|0|0|051|5102|5102000|43,08|17|5,17|0|0|0||||0|0|0|01|43,08|1,65|||0,71|01|43,08|7,6|||3,27|265|
|C170|9|2590|MISTURA BOLO SABOR COCO TOK 400GR|12|Un|43,08|0|0|051|5102|5102000|43,08|17|5,17|0|0|0||||0|0|0|01|43,08|1,65|||0,71|01|43,08|7,6|||3,27|265|
|C170|10|2025|BATATA PALHA KEVYTOS 70GR|30|Un|94,5|0|0|051|5102|5102000|94,5|17|11,34|0|0|0||||0|0|0|01|94,5|1,65|||1,56|01|94,5|7,6|||7,18|265|
|C170|11|3321|SAL DIANA REFINADO 1 KG|30|Un|63|0|0|020|5102|5102000|25,94|17|4,41|0|0|0||||0|0|0|01|63|1,65|||1,04|01|63|7,6|||4,79|265|
|C170|12|2387|POLVILHO AZEDO ROCHA 400GR|20|Un|83|0|0|051|5102|5102000|83|17|9,96|0|0|0||||0|0|0|01|83|1,65|||1,37|01|83|7,6|||6,31|265|
|C170|13|2388|POLVILHO DOCE ROCHA 400GR|20|Un|79|0|0|051|5102|5102000|79|17|9,48|0|0|0||||0|0|0|01|79|1,65|||1,3|01|79|7,6|||6|265|
|C170|14|2556|FERMENTO MONOPOL 100GR POTE|12|Un|34,2|0|0|051|5102|5102000|34,2|17|4,1|0|0|0||||0|0|0|01|34,2|1,65|||0,56|01|34,2|7,6|||2,6|265|
|C170|15|2851|SUCO POP FRUTA ABACAXI 25GR - DP C/20|8|DP|103,2|0|0|051|5102|5102000|103,2|17|12,38|0|0|0||||0|0|0|01|103,2|1,65|||1,7|01|103,2|7,6|||7,84|265|
|C170|16|3328|SUCO POP FRUTA ABACAXI C/ HORTELA 25GR DP C/20|4|DP|51,6|0|0|051|5102|5102000|51,6|17|6,19|0|0|0||||0|0|0|01|51,6|1,65|||0,85|01|51,6|7,6|||3,92|265|
|C170|17|2865|SUCO POP FRUTA CAJU 25GR - DP C/20|4|DP|51,6|0|0|051|5102|5102000|51,6|17|6,19|0|0|0||||0|0|0|01|51,6|1,65|||0,85|01|51,6|7,6|||3,92|265|
|C170|18|2866|SUCO POP FRUTA GOIABA 25GR - DP C/20|4|DP|51,6|0|0|051|5102|5102000|51,6|17|6,19|0|0|0||||0|0|0|01|51,6|1,65|||0,85|01|51,6|7,6|||3,92|265|
|C170|19|2852|SUCO POP FRUTA GUARANA 25GR - DP C/20|8|DP|103,2|0|0|051|5102|5102000|103,2|17|12,38|0|0|0||||0|0|0|01|103,2|1,65|||1,7|01|103,2|7,6|||7,84|265|
|C170|20|2869|SUCO POP FRUTA JABUTICABA 25GR - DP C/20|4|DP|51,6|0|0|051|5102|5102000|51,6|17|6,19|0|0|0||||0|0|0|01|51,6|1,65|||0,85|01|51,6|7,6|||3,92|265|
|C170|21|2853|SUCO POP FRUTA LARANJA 25GR - DP C/20|8|DP|103,2|0|0|051|5102|5102000|103,2|17|12,38|0|0|0||||0|0|0|01|103,2|1,65|||1,7|01|103,2|7,6|||7,84|265|
|C170|22|2854|SUCO POP FRUTA LIMAO 25GR - DP C/20|8|DP|103,2|0|0|051|5102|5102000|103,2|17|12,38|0|0|0||||0|0|0|01|103,2|1,65|||1,7|01|103,2|7,6|||7,84|265|
|C170|23|3327|SUCO POP FRUTA LIMONADA SUICA 25GR DP C/20|4|DP|51,6|0|0|051|5102|5102000|51,6|17|6,19|0|0|0||||0|0|0|01|51,6|1,65|||0,85|01|51,6|7,6|||3,92|265|
|C170|24|2855|SUCO POP FRUTA MANGA 25GR - DP C/20|8|DP|103,2|0|0|051|5102|5102000|103,2|17|12,38|0|0|0||||0|0|0|01|103,2|1,65|||1,7|01|103,2|7,6|||7,84|265|
|C170|25|2856|SUCO POP FRUTA MARACUJA 25GR - DP C/20|8|DP|103,2|0|0|051|5102|5102000|103,2|17|12,38|0|0|0||||0|0|0|01|103,2|1,65|||1,7|01|103,2|7,6|||7,84|265|
|C170|26|2857|SUCO POP FRUTA MELANCIA 25GR - DP C/20|8|DP|103,2|0|0|051|5102|5102000|103,2|17|12,38|0|0|0||||0|0|0|01|103,2|1,65|||1,7|01|103,2|7,6|||7,84|265|
|C170|27|2858|SUCO POP FRUTA MIX DE FRUTAS 25GR - DP C/20|8|DP|103,2|0|0|051|5102|5102000|103,2|17|12,38|0|0|0||||0|0|0|01|103,2|1,65|||1,7|01|103,2|7,6|||7,84|265|
|C170|28|2859|SUCO POP FRUTA MORANGO 25GR - DP C/20|8|DP|103,2|0|0|051|5102|5102000|103,2|17|12,38|0|0|0||||0|0|0|01|103,2|1,65|||1,7|01|103,2|7,6|||7,84|265|
|C170|29|2860|SUCO POP FRUTA PERA 25GR - DP C/20|8|DP|103,2|0|0|051|5102|5102000|103,2|17|12,38|0|0|0||||0|0|0|01|103,2|1,65|||1,7|01|103,2|7,6|||7,84|265|
|C170|30|2861|SUCO POP FRUTA PESSEGO 25GR - DP C/20|4|DP|51,6|0|0|051|5102|5102000|51,6|17|6,19|0|0|0||||0|0|0|01|51,6|1,65|||0,85|01|51,6|7,6|||3,92|265|
|C170|31|2862|SUCO POP FRUTA TANGERINA 25GR - DP C/20|4|DP|51,6|0|0|051|5102|5102000|51,6|17|6,19|0|0|0||||0|0|0|01|51,6|1,65|||0,85|01|51,6|7,6|||3,92|265|
|C170|32|2863|SUCO POP FRUTA UVA 25GR - DP C/20|8|DP|103,2|0|0|051|5102|5102000|103,2|17|12,38|0|0|0||||0|0|0|01|103,2|1,65|||1,7|01|103,2|7,6|||7,84|265|
|C100|1|0|13583|55|00|0|6607|43230109624855000168550000000066071826049058|17012023|17012023|147,39|1|0|0|147,39|0|0|0|0|147,39|21,29|0|0|0|2,43|11,21|0|0|
|C110|52|Pedido(s):35645;Vendedor:VENDAS;SAPUCAIA DO SUL - RS;Aplicado " Diferimento parcial de 29,41176% do valor da operacao conformeLivroIII,TituloI, CapituloI, Secao II,Art.1oKdo RICMS.;|
|C170|1|2672|POTE TRANSPARENTE 200ML C/50|1|Un|5,99|0|0|051|5102|5102000|5,99|17|0,72|0|0|0||||0|0|0|01|5,99|1,65|||0,1|01|5,99|7,6|||0,46|265|
|C170|2|2680|TAMPA POTE 200/250/150/400|1|Un|5,5|0|0|051|5102|5102000|5,5|17|0,66|0|0|0||||0|0|0|01|5,5|1,65|||0,09|01|5,5|7,6|||0,42|265|
|C170|3|2727|SACOLA REC. 30X40 SOU ECO VERDE C/ 1,8KG|3|CX|72|0|0|000|5102|5102000|72|17|12,24|0|0|0||||0|0|0|01|72|1,65|||1,19|01|72|7,6|||5,47|265|
|C170|4|2807|SACOLA VIP 38X48 BRANCA CX C/1000 - PLAMER|1|CX|63,9|0|0|051|5102|5102000|63,9|17|7,67|0|0|0||||0|0|0|01|63,9|1,65|||1,05|01|63,9|7,6|||4,86|265|
|C100|1|0|4128|55|00|0|6606|43230109624855000168550000000066061779473998|17012023|17012023|603,32|1|0|0|603,32|0|0|0|0|603,32|72,39|0|0|0|10,72|49,31|0|0|
|C110|69|Pedido(s):35628;Vendedor:VENDAS;SAPUCAIA DO SUL - RS;L.III,ART.1-K.DIF. PARCIAL NAO ESPECIFICADO;Aplicado " Diferimento parcial de 29,41176% do valor da operacao conformeLivroIII,TituloI, CapituloI, Secao II,Art.1oKdo RICMS.;|
|C170|1|2672|POTE TRANSPARENTE 200ML C/50|2|Un|11,98|0|0|051|5102|5102000|11,98|17|1,44|0|0|0||||0|0|0|01|11,98|1,65|||0,2|01|11,98|7,6|||0,91|265|
|C170|2|2680|TAMPA POTE 200/250/150/400|2|Un|11|0|0|051|5102|5102000|11|17|1,32|0|0|0||||0|0|0|01|11|1,65|||0,18|01|11|7,6|||0,84|265|
|C170|3|2537|ETIQUETA 40X40 C/6|1|PT|44,9|0|0|051|5102|5102000|44,9|17|5,39|0|0|0||||0|0|0|01|44,9|1,65|||0,74|01|44,9|7,6|||3,41|265|
|C170|4|2598|CATCHUP BISNAGA ODERICH 200G|24|Un|81,36|0|0|051|5102|5102000|81,36|17|9,76|0|0|0||||0|0|0|01|81,36|1,65|||1,34|01|81,36|7,6|||6,18|265|
|C170|5|2613|MOLHO DE TOMATE TRADICIONAL FUGINI 300GR|36|Un|46,44|0|0|051|5102|5102000|46,44|17|5,57|0|0|0||||0|0|0|01|46,44|1,65|||0,77|01|46,44|7,6|||3,53|265|
|C170|6|2393|TEMPERO + SABOR CARNE NEILAR 50GR|12|Un|31,2|0|0|551|5102|5102000|31,2|17|3,74|0|0|0||||0|0|0|01|31,2|1,65|||0,51|01|31,2|7,6|||2,37|265|
|C170|7|2589|MISTURA BOLO SABOR CHOCOLATE TOK 400GR|6|Un|22,14|0|0|051|5102|5102000|22,14|17|2,66|0|0|0||||0|0|0|01|22,14|1,65|||0,37|01|22,14|7,6|||1,68|265|
|C170|8|2588|MISTURA BOLO SABOR CENOURA TOK 400GR|6|Un|22,14|0|0|051|5102|5102000|22,14|17|2,66|0|0|0||||0|0|0|01|22,14|1,65|||0,37|01|22,14|7,6|||1,68|265|
|C170|9|2590|MISTURA BOLO SABOR COCO TOK 400GR|6|Un|22,14|0|0|051|5102|5102000|22,14|17|2,66|0|0|0||||0|0|0|01|22,14|1,65|||0,37|01|22,14|7,6|||1,68|265|
|C170|10|2556|FERMENTO MONOPOL 100GR POTE|6|Un|17,1|0|0|051|5102|5102000|17,1|17|2,05|0|0|0||||0|0|0|01|17,1|1,65|||0,28|01|17,1|7,6|||1,3|265|
|C170|11|3430|PUDIM CHOCOLATE NEILAR 30GR|12|Un|14,28|0|0|051|5102|5102000|14,28|17|1,71|0|0|0||||0|0|0|01|14,28|1,65|||0,24|01|14,28|7,6|||1,09|265|
|C170|12|2392|SAGU ROCHA 400GR|10|Un|57|0|0|051|5102|5102000|57|17|6,84|0|0|0||||0|0|0|01|57|1,65|||0,94|01|57|7,6|||4,33|265|
|C170|13|2011|ALCOOL 1 LITRO 70 % FLOPS|6|Un|35,94|0|0|051|5102|5102000|35,94|17|4,31|0|0|0||||0|0|0|02|35,94|3,75|||1,35|02|35,94|17,25|||6,2|265|
|C170|14|3178|LUVA VINIFLEX VABENE P C/ 100UN|10|Un|185,7|0|0|051|5102|5102000|185,7|17|22,28|0|0|0||||0|0|0|01|185,7|1,65|||3,06|01|185,7|7,6|||14,11|265|
|C100|1|0|7838|55|00|0|6600|43230109624855000168550000000066001073628829|13012023|13012023|739,86|1|0|0|739,86|0|0|0|0|545,09|65,41|0|0|0|12,21|56,22|0|0|
|C110|64|Pedido(s):35517;Vendedor:VENDAS;SAPUCAIA DO SUL - RS;Aplicado " Diferimento parcial de 29,41176% do valor da operacao conformeLivroIII,TituloI, CapituloI, Secao II,Art.1oKdo RICMS.;RICMS/RS - LIVRO I, ARTIGO 23, INCISO LX, ALINEA "B"; LIVRO I, ARTIGO 27,|
|C170|1|2525|ERVA MATE LAGO VERDE NATIVA 1 KG|10|Un|99,9|0|0|020|5102|5102000|58,27|12|6,99|0|0|0||||0|0|0|01|99,9|1,65|||1,65|01|99,9|7,6|||7,59|265|
|C170|2|2508|ERVA MATE LAGO VERDE NATIVA 500GR|10|Un|57|0|0|020|5102|5102000|33,25|12|3,99|0|0|0||||0|0|0|01|57|1,65|||0,94|01|57|7,6|||4,33|265|
|C170|3|2515|ERVA MATE LAGO VERDE SOLTA C/10KG|1|FD|98|0|0|020|5102|5102000|57,17|12|6,86|0|0|0||||0|0|0|01|98|1,65|||1,62|01|98|7,6|||7,45|265|
|C170|4|2304|AGUA SANITARIA ACTUALY 5L|6|Un|47,94|0|0|051|5102|5102000|47,94|17|5,75|0|0|0||||0|0|0|01|47,94|1,65|||0,79|01|47,94|7,6|||3,64|265|
|C170|5|2303|AGUA SANITARIA ACTUALY 2L|24|Un|95,76|0|0|051|5102|5102000|95,76|17|11,49|0|0|0||||0|0|0|01|95,76|1,65|||1,58|01|95,76|7,6|||7,28|265|
|C170|6|2918|PALITOS DE DENTE MENTA 12 FRASCO DE 250 UN. PARANA|1|DP|43|0|0|051|5102|5102000|43|17|5,16|0|0|0||||0|0|0|01|43|1,65|||0,71|01|43|7,6|||3,27|265|
|C170|7|2106|VINHO TINTO SUAVE IMPERIO 1,4L|18|Un|125,82|0|0|051|5102|5102000|125,82|17|15,1|0|0|0||||0|0|0|01|125,82|1,65|||2,08|01|125,82|7,6|||9,56|265|
|C170|8|2099|VINHO TINTO SECO IMPERIO 1,4L|12|Un|83,88|0|0|051|5102|5102000|83,88|17|10,07|0|0|0||||0|0|0|01|83,88|1,65|||1,38|01|83,88|7,6|||6,37|265|
|C170|9|3221|CACHACA VELHA CARRETA 800 ML|24|Un|88,56|0|0|060|5405|5405000|0|0|0|0|0|0||||0|0|0|01|88,56|1,65|||1,46|01|88,56|7,6|||6,73|265|
|C100|1|0|1578|55|00|0|6593|43230109624855000168550000000065931015440441|13012023|13012023|474,71|1|0|0|474,71|0|0|0|0|318,01|38,15|0|0|0|7,82|36,08|0|0|
|C110|90|Pedido(s):35422;Vendedor:VENDAS;SAPUCAIA DO SUL - RS;Aplicado " Diferimento parcial de 29,41176% do valor da operacao conformeLivroIII,TituloI, CapituloI, Secao II,Art.1oKdo RICMS.;RICMS/RS - LIVRO I, ARTIGO 23, INCISO LX, ALINEA "B"; LIVRO I, ARTIGO 27,|
|C170|1|2529|ERVA MATE MADRUGADA MOIDA GROSSA 500G|10|Un|64,9|0|0|020|5102|5102000|37,86|12|4,54|0|0|0||||0|0|0|01|64,9|1,65|||1,07|01|64,9|7,6|||4,93|265|
|C170|2|2530|ERVA MATE MADRUGADA TRADICIONAL 500G|10|Un|64,9|0|0|020|5102|5102000|37,86|12|4,54|0|0|0||||0|0|0|01|64,9|1,65|||1,07|01|64,9|7,6|||4,93|265|
|C170|3|2488|ERVA MATE MADRUGADA COMPOSTO CASCARITA 500GR|5|Un|39,5|0|0|020|5102|5102000|23,04|12|2,76|0|0|0||||0|0|0|01|39,5|1,65|||0,65|01|39,5|7,6|||3|265|
|C170|4|3390|SARDINHA C/OLEO DE SOJA PALMEIRA 125G|25|Un|106,25|0|0|051|5102|5102000|106,25|17|12,75|0|0|0||||0|0|0|01|106,25|1,65|||1,75|01|106,25|7,6|||8,08|265|
|C170|5|2709|TORRAO IDEAL POTE C/22 (PACOCA AMENDOIM)|3|Un|79,5|0|0|051|5102|5102000|79,5|17|9,54|0|0|0||||0|0|0|01|79,5|1,65|||1,31|01|79,5|7,6|||6,04|265|
|C170|6|2699|FOUDANT DE LEITE BOA VISTA 50 GR C/20|1|Un|33,5|0|0|051|5102|5102000|33,5|17|4,02|0|0|0||||0|0|0|01|33,5|1,65|||0,55|01|33,5|7,6|||2,55|265|
|C170|7|3158|PAPEL TOALHA STYLUS 50 FOLHAS - PACOTE 2 UNID|24|Un|86,16|0|0|060|5405|5405000|0|0|0|0|0|0||||0|0|0|01|86,16|1,65|||1,42|01|86,16|7,6|||6,55|265|
|C100|1|0|447|55|00|0|6599|43230109624855000168550000000065991690251124|13012023|13012023|730,41|1|0|0|730,41|0|0|0|0|542,76|65,13|0|0|0|10,81|49,83|0|0|
|C110|54|Pedido(s):35502;Vendedor:VENDAS;SAPUCAIA DO SUL - RS;L.III,ART.1-K.DIF. PARCIAL NAO ESPECIFICADO;Aplicado " Diferimento parcial de 29,41176% do valor da operacao conformeLivroIII,TituloI, CapituloI, Secao II,Art.1oKdo RICMS.;RICMS/RS - LIVRO I, ARTIGO 23,|
|C170|1|2505|ERVA MATE LAGO VERDE COMPOSTA 500GR|10|Un|69,9|0|0|020|5102|5102000|40,77|12|4,89|0|0|0||||0|0|0|01|69,9|1,65|||1,15|01|69,9|7,6|||5,31|265|
|C170|2|2506|ERVA MATE LAGO VERDE COMPOSTA MENTA 500G|10|Un|69,9|0|0|020|5102|5102000|40,77|12|4,89|0|0|0||||0|0|0|01|69,9|1,65|||1,15|01|69,9|7,6|||5,31|265|
|C170|3|3207|SACO DE LIXO 30 LT LIX FLEX C/10 UNID ALMOFADA|50|Un|124,5|0|0|051|5102|5102000|124,5|17|14,94|0|0|0||||0|0|0|01|124,5|1,65|||2,05|01|124,5|7,6|||9,46|265|
|C170|4|2515|ERVA MATE LAGO VERDE SOLTA C/10KG|1|FD|98|0|0|020|5102|5102000|57,17|12|6,86|0|0|0||||0|0|0|01|98|1,65|||1,62|01|98|7,6|||7,45|265|
|C170|5|3424|QUEIJO RALADO TUPY 40GR|25|Un|74,75|0|0|051|5102|5102000|74,75|17|8,97|0|0|0||||0|0|0|06|0|0|||0|06|0|0|||0|265|
|C170|6|2900|ESPETO BAMBU 30CM PARANA C/50|20|Un|73,8|0|0|051|5102|5102000|73,8|17|8,86|0|0|0||||0|0|0|01|73,8|1,65|||1,22|01|73,8|7,6|||5,61|265|
|C170|7|2918|PALITOS DE DENTE MENTA 12 FRASCO DE 250 UN. PARANA|2|DP|86|0|0|051|5102|5102000|86|17|10,32|0|0|0||||0|0|0|01|86|1,65|||1,42|01|86|7,6|||6,54|265|
|C170|8|2445|FILTRO P/ BOMBA CHIMARRAO C/20|3|CT|45|0|0|051|5102|5102000|45|17|5,4|0|0|0||||0|0|0|01|45|1,65|||0,74|01|45|7,6|||3,42|265|
|C170|9|2064|COROTE LIMAO 500ML|24|Un|88,56|0|0|060|5405|5405000|0|0|0|0|0|0||||0|0|0|01|88,56|1,65|||1,46|01|88,56|7,6|||6,73|265|
|C100|1|0|146|55|00|0|6592|43230109624855000168550000000065921797023942|13012023|13012023|214|1|0|0|214|0|0|0|0|124,83|14,98|0|0|0|3,53|16,26|0|0|
|C110|74|Pedido(s):35423;Vendedor:VENDAS;SAPUCAIA DO SUL - RS;RICMS/RS - LIVRO I, ARTIGO 23, INCISO LX, ALINEA "B"; LIVRO I, ARTIGO 27, INCISO V E APENDICE I, SECAO II. ;|
|C170|1|2532|ERVA MATE PURA FOLHA LAGO VERDE SOLTA C/10KG|2|FD|214|0|0|020|5102|5102000|124,83|12|14,98|0|0|0||||0|0|0|01|214|1,65|||3,53|01|214|7,6|||16,26|265|
|C100|1|0||55|02|0|6605|43230109624855000168550000000066051197192670|||||||||||||||||||||
|C100|1|0|424|55|00|0|6591|43230109624855000168550000000065911109330564|12012023|12012023|392|1|0|0|392|0|0|0|0|228,67|27,44|0|0|0|6,47|29,79|0|0|
|C110|78|Pedido(s):35554;Vendedor:VENDAS;SAPUCAIA DO SUL - RS;RICMS/RS - LIVRO I, ARTIGO 23, INCISO LX, ALINEA "B"; LIVRO I, ARTIGO 27, INCISO V E APENDICE I, SECAO II. ;|
|C170|1|2508|ERVA MATE LAGO VERDE NATIVA 500GR|80|Un|392|0|0|020|5102|5102000|228,67|12|27,44|0|0|0||||0|0|0|01|392|1,65|||6,47|01|392|7,6|||29,79|265|
|C100|1|0|12130|55|00|0|6598|43230109624855000168550000000065981057903748|13012023|13012023|959,09|1|0|0|959,09|0|0|0|0|959,09|124,99|0|0|0|15,83|72,89|0|0|
|C110|91|Pedido(s):35543;Vendedor:VENDAS;SAPUCAIA DO SUL - RS;L.III,ART.1-K.DIF. PARCIAL NAO ESPECIFICADO;Aplicado " Diferimento parcial de 29,41176% do valor da operacao conformeLivroIII,TituloI, CapituloI, Secao II,Art.1oKdo RICMS.;|
|C170|1|2097|VINHO TINTO SECO DELGRANO 1480ML|6|Un|77,4|0|0|051|5102|5102000|77,4|17|9,29|0|0|0||||0|0|0|01|77,4|1,65|||1,28|01|77,4|7,6|||5,88|265|
|C170|2|2470|PEPINO EM CONSERVA CAMILA 300GR|15|Un|119,85|0|0|051|5102|5102000|119,85|17|14,38|0|0|0||||0|0|0|01|119,85|1,65|||1,98|01|119,85|7,6|||9,11|265|
|C170|3|3432|PUDIM MORANGO NEILAR 30GR|12|Un|14,28|0|0|051|5102|5102000|14,28|17|1,71|0|0|0||||0|0|0|01|14,28|1,65|||0,24|01|14,28|7,6|||1,09|265|
|C170|4|2444|ESFREGAO DE ACO TIRA C/ 36|1|PEN|39,9|0|0|051|5102|5102000|39,9|17|4,79|0|0|0||||0|0|0|01|39,9|1,65|||0,66|01|39,9|7,6|||3,03|265|
|C170|5|3334|ETIQUETA 60X30 C/4|2|PT|71,8|0|0|051|5102|5102000|71,8|17|8,62|0|0|0||||0|0|0|01|71,8|1,65|||1,18|01|71,8|7,6|||5,46|265|
|C170|6|2546|ETIQUETA TERMICA 80X30|6|Un|25,74|0|0|051|5102|5102000|25,74|17|3,09|0|0|0||||0|0|0|01|25,74|1,65|||0,42|01|25,74|7,6|||1,96|265|
|C170|7|2709|TORRAO IDEAL POTE C/22 (PACOCA AMENDOIM)|1|Un|26,5|0|0|051|5102|5102000|26,5|17|3,18|0|0|0||||0|0|0|01|26,5|1,65|||0,44|01|26,5|7,6|||2,01|265|
|C170|8|2706|RAPADURA TORRAO DE AMENDOIM BOA VISTA 80GR C/20|1|Un|29,5|0|0|051|5102|5102000|29,5|17|3,54|0|0|0||||0|0|0|01|29,5|1,65|||0,49|01|29,5|7,6|||2,24|265|
|C170|9|2185|CAPA DE FARDO 50X80X0,07 - ROLEPLAST|100|Un|82|0|0|000|5102|5102000|82|17|13,94|0|0|0||||0|0|0|01|82|1,65|||1,35|01|82|7,6|||6,23|265|
|C170|10|2807|SACOLA VIP 38X48 BRANCA CX C/1000 - PLAMER|2|CX|115,8|0|0|000|5102|5102000|115,8|17|19,69|0|0|0||||0|0|0|01|115,8|1,65|||1,91|01|115,8|7,6|||8,8|265|
|C170|11|2625|PAPEL P/ SALGADO BRANCO 40X22 C/500|1|pct|30,9|0|0|051|5102|5102000|30,9|17|3,71|0|0|0||||0|0|0|01|30,9|1,65|||0,51|01|30,9|7,6|||2,35|265|
|C170|12|3342|DETERGENTE GOTA LIMPA LIMAO 500ML|48|Un|85,92|0|0|051|5102|5102000|85,92|17|10,31|0|0|0||||0|0|0|01|85,92|1,65|||1,42|01|85,92|7,6|||6,53|265|
|C170|13|2909|LUVA VINIFLEX VABENE M C/ 100UN|2|Un|27,8|0|0|051|5102|5102000|27,8|17|3,34|0|0|0||||0|0|0|01|27,8|1,65|||0,46|01|27,8|7,6|||2,11|265|
|C170|14|3215|LUVA VINIFLEX VABENE G C/ 100UN|10|Un|211,7|0|0|051|5102|5102000|211,7|17|25,4|0|0|0||||0|0|0|01|211,7|1,65|||3,49|01|211,7|7,6|||16,09|265|
|C100|1|0|13583|55|00|0|6590|43230109624855000168550000000065901870829510|12012023|12012023|396,49|1|0|0|396,49|0|0|0|0|387,61|53,44|0|0|0|6,55|30,14|0|0|
|C110|65|Pedido(s):35403;Vendedor:VENDAS;SAPUCAIA DO SUL - RS;Aplicado " Diferimento parcial de 29,41176% do valor da operacao conformeLivroIII,TituloI, CapituloI, Secao II,Art.1oKdo RICMS.;RICMS/RS - LIVRO I, ARTIGO 23, INCISO LX, ALINEA "B"; LIVRO I, ARTIGO 27,|
|C170|1|2740|SACOLA REC. 40X50 SOU ECO VERDE 2,5KG|3|FD|100,5|0|0|000|5102|5102000|100,5|17|17,08|0|0|0||||0|0|0|01|100,5|1,65|||1,66|01|100,5|7,6|||7,64|265|
|C170|2|2148|BOBINA PLASTICA 2KG MB 21X31CM|2|Un|37,98|0|0|000|5102|5102000|37,98|17|6,46|0|0|0||||0|0|0|01|37,98|1,65|||0,63|01|37,98|7,6|||2,89|265|
|C170|3|2248|CHA MADRUGADA CAMOMILA 1GR|10|Un|29,5|0|0|051|5102|5102000|29,5|17|3,54|0|0|0||||0|0|0|01|29,5|1,65|||0,49|01|29,5|7,6|||2,24|265|
|C170|4|3070|FOSFORO PARANA GIGANTE ECO 50|15|Un|33,75|0|0|051|5102|5102000|33,75|17|4,05|0|0|0||||0|0|0|01|33,75|1,65|||0,56|01|33,75|7,6|||2,57|265|
|C170|5|2598|CATCHUP BISNAGA ODERICH 200G|24|Un|78,96|0|0|051|5102|5102000|78,96|17|9,48|0|0|0||||0|0|0|01|78,96|1,65|||1,3|01|78,96|7,6|||6|265|
|C170|6|2025|BATATA PALHA KEVYTOS 70GR|30|Un|94,5|0|0|051|5102|5102000|94,5|17|11,34|0|0|0||||0|0|0|01|94,5|1,65|||1,56|01|94,5|7,6|||7,18|265|
|C170|7|2505|ERVA MATE LAGO VERDE COMPOSTA 500GR|3|Un|21,3|0|0|020|5102|5102000|12,42|12|1,49|0|0|0||||0|0|0|01|21,3|1,65|||0,35|01|21,3|7,6|||1,62|265|
|C100|1|0|1842|55|00|0|6597|43230109624855000168550000000065971102386770|13012023|13012023|305,12|1|0|0|305,12|1|0|0|0|305,12|36,63|0|0|0|5,05|23,19|0|0|
|C110|66|REFERENTE AO DOCUMENTO NFE - 1-289883 DO DIA 28/05/2021[42210580996556000119550010002898831081219678]; REFERENTE AO DOCUMENTO NFE - 1-298346 DO DIA 03/09/2021[42210980996556000119550010002983461380609837]; REFERENTE AO DOCUMENTO NFE - 1-298827 DO DIA 10/0|
|C170|1|3278|GRANULADO COLORIDO NEILAR 100GR|13|Un|24,57|0|0|010|6411|6411000|24,57|12|2,95|0|0|0||||0|0|0|01|24,57|1,65|||0,41|01|24,57|7,6|||1,87|346|
|C170|2|3168|VITAMINE DE MORANGO 400G (PO DE PREPARO BEBIDA DE MORANGO)|4|Un|15,4|0|0|500|6202|6202000|15,4|12|1,85|0|0|0||||0|0|0|01|15,4|1,65|||0,25|01|15,4|7,6|||1,17|55|
|C170|3|2838|PUDIM 50 GR CHOCOLATE NEILAR|5|Un|3,46|0|0|500|6202|6202000|3,46|12|0,42|0|0|0||||0|0|0|01|3,46|1,65|||0,06|01|3,46|7,6|||0,26|55|
|C170|4|2840|PUDIM CARAMELO NEILAR|3|Un|2,08|0|0|500|6202|6202000|2,08|12|0,25|0|0|0||||0|0|0|01|2,08|1,65|||0,03|01|2,08|7,6|||0,16|55|
|C170|5|3037|FARINHA DE AVEIA NEILAR 170GR|2|Un|4,73|0|0|500|6202|6202000|4,73|12|0,57|0|0|0||||0|0|0|01|4,73|1,65|||0,08|01|4,73|7,6|||0,36|55|
|C170|6|2190|AVEIA EM FLOCOS 200 GR|1|Un|2,36|0|0|500|6202|6202000|2,36|12|0,28|0|0|0||||0|0|0|01|2,36|1,65|||0,04|01|2,36|7,6|||0,18|55|
|C170|7|2817|GELATINA FRAMBOESA NEILAR 30 GR|2|Un|1,59|0|0|500|6202|6202000|1,59|12|0,19|0|0|0||||0|0|0|01|1,59|1,65|||0,03|01|1,59|7,6|||0,12|55|
|C170|8|2833|GELATINA PESSEGO NEILAR 30GR|13|Un|10,33|0|0|500|6202|6202000|10,33|12|1,24|0|0|0||||0|0|0|01|10,33|1,65|||0,17|01|10,33|7,6|||0,79|55|
|C170|9|2813|GELATINA ABACAXI NEILAR|3|Un|2,38|0|0|500|6202|6202000|2,38|12|0,29|0|0|0||||0|0|0|01|2,38|1,65|||0,04|01|2,38|7,6|||0,18|55|
|C170|10|2816|GELATINA CEREJA NEILAR 30 GR|10|Un|7,95|0|0|500|6202|6202000|7,95|12|0,95|0|0|0||||0|0|0|01|7,95|1,65|||0,13|01|7,95|7,6|||0,6|55|
|C170|11|2815|GELATINA AMORA NEILAR 30 GR|4|Un|3,18|0|0|500|6202|6202000|3,18|12|0,38|0|0|0||||0|0|0|01|3,18|1,65|||0,05|01|3,18|7,6|||0,24|55|
|C170|12|2812|GELATINA LIMAO NEILAR 30 GR|2|Un|1,59|0|0|500|6202|6202000|1,59|12|0,19|0|0|0||||0|0|0|01|1,59|1,65|||0,03|01|1,59|7,6|||0,12|55|
|C170|13|2814|GELATINA MARACUJA NEILAR 30GR|18|Un|14,31|0|0|500|6202|6202000|14,31|12|1,72|0|0|0||||0|0|0|01|14,31|1,65|||0,24|01|14,31|7,6|||1,09|55|
|C170|14|2811|GELATINA BLUEBERRY NEILAR 30 GR|5|Un|3,97|0|0|500|6202|6202000|3,97|12|0,48|0|0|0||||0|0|0|01|3,97|1,65|||0,07|01|3,97|7,6|||0,3|55|
|C170|15|2837|GELATINA MORANGO ZERO NEILAR 12 GR|23|Un|32,73|0|0|500|6202|6202000|32,73|12|3,93|0|0|0||||0|0|0|01|32,73|1,65|||0,54|01|32,73|7,6|||2,49|55|
|C170|16|2312|CHOCOLATE EM PO NEILAR|47|Un|131,01|0|0|500|6202|6202000|131,01|12|15,72|0|0|0||||0|0|0|01|131,01|1,65|||2,16|01|131,01|7,6|||9,96|55|
|C170|17|3038|CANJAO GALINHA NEILAR 200GR|6|Un|19,75|0|0|500|6202|6202000|19,75|12|2,37|0|0|0||||0|0|0|01|19,75|1,65|||0,33|01|19,75|7,6|||1,5|55|
|C170|18|2396|SOPAO NEILAR CARNE 200GR|7|Un|23,04|0|0|500|6202|6202000|23,04|12|2,77|0|0|0||||0|0|0|01|23,04|1,65|||0,38|01|23,04|7,6|||1,75|55|
|C170|19|2839|PUDIM BAUNILHA NEILAR|1|Un|0,69|0|0|500|6202|6202000|0,69|12|0,08|0|0|0||||0|0|0|01|0,69|1,65|||0,01|01|0,69|7,6|||0,05|55|
|C100|1|0|431|55|00|0|6596|43230109624855000168550000000065961895289121|13012023|13012023|431|1|0|0|431|0|0|0|0|298,89|36,3|0|0|0|7,12|32,76|0|0|
|C110|67|Pedido(s):35518;Vendedor:VENDAS;SAPUCAIA DO SUL - RS;Aplicado " Diferimento parcial de 29,41176% do valor da operacao conformeLivroIII,TituloI, CapituloI, Secao II,Art.1oKdo RICMS.; "Adicional de aliquota do AMPARA/RS, criado pela Lei no 14.742/15" e o co|
|C170|1|3281|SABAO IMPERIAL CLASSICO 300GR|6|Un|17,34|0|0|051|5102|5102000|17,34|17|2,08|0|0|0||||0|0|0|01|17,34|1,65|||0,29|01|17,34|7,6|||1,32|265|
|C170|2|2023|BATATA PALHA 70GR SANTA JUSTINA|40|Un|114|0|0|051|5102|5102000|114|17|13,68|0|0|0||||0|0|0|01|114|1,65|||1,88|01|114|7,6|||8,66|265|
|C170|3|3321|SAL DIANA REFINADO 1 KG|10|Un|21|0|0|020|5102|5102000|8,65|17|1,47|0|0|0||||0|0|0|01|21|1,65|||0,35|01|21|7,6|||1,6|265|
|C170|4|2709|TORRAO IDEAL POTE C/22 (PACOCA AMENDOIM)|2|Un|53|0|0|051|5102|5102000|53|17|6,36|0|0|0||||0|0|0|01|53|1,65|||0,87|01|53|7,6|||4,03|265|
|C170|5|2701|PACOCA BIG ROLHA IVOTI 52GR C/22|1|Un|27,9|0|0|051|5102|5102000|27,9|17|3,35|0|0|0||||0|0|0|01|27,9|1,65|||0,46|01|27,9|7,6|||2,12|265|
|C170|6|2699|FOUDANT DE LEITE BOA VISTA 50 GR C/20|1|Un|33,5|0|0|051|5102|5102000|33,5|17|4,02|0|0|0||||0|0|0|01|33,5|1,65|||0,55|01|33,5|7,6|||2,55|265|
|C170|7|2706|RAPADURA TORRAO DE AMENDOIM BOA VISTA 80GR C/20|1|Un|29,5|0|0|051|5102|5102000|29,5|17|3,54|0|0|0||||0|0|0|01|29,5|1,65|||0,49|01|29,5|7,6|||2,24|265|
|C170|8|2445|FILTRO P/ BOMBA CHIMARRAO C/20|1|CT|15|0|0|051|5102|5102000|15|17|1,8|0|0|0||||0|0|0|01|15|1,65|||0,25|01|15|7,6|||1,14|265|
|C170|9|2078|ICE KISLLA LIMAO VD 275ML|12|Un|59,88|0|0|060|5405|5405000|0|0|0|0|0|0||||0|0|0|01|59,88|1,65|||0,99|01|59,88|7,6|||4,55|265|
|C170|10|2072|ICE KISLLA BIG APPLE VD 275ML|12|Un|59,88|0|0|060|5405|5405000|0|0|0|0|0|0||||0|0|0|01|59,88|1,65|||0,99|01|59,88|7,6|||4,55|265|
|C100|1|0|438|55|00|0|6589|43230109624855000168550000000065891079704145|12012023|12012023|474,2|1|0|0|474,2|0|0|0|0|276,61|33,19|0|0|0|7,83|36,03|0|0|
|C110|68|Pedido(s):35485;Vendedor:VENDAS;SAPUCAIA DO SUL - RS;RICMS/RS - LIVRO I, ARTIGO 23, INCISO LX, ALINEA "B"; LIVRO I, ARTIGO 27, INCISO V E APENDICE I, SECAO II. ;|
|C170|1|2505|ERVA MATE LAGO VERDE COMPOSTA 500GR|10|Un|69,9|0|0|020|5102|5102000|40,77|12|4,89|0|0|0||||0|0|0|01|69,9|1,65|||1,15|01|69,9|7,6|||5,31|265|
|C170|2|2506|ERVA MATE LAGO VERDE COMPOSTA MENTA 500G|20|Un|139,8|0|0|020|5102|5102000|81,55|12|9,79|0|0|0||||0|0|0|01|139,8|1,65|||2,31|01|139,8|7,6|||10,62|265|
|C170|3|2508|ERVA MATE LAGO VERDE NATIVA 500GR|20|Un|114|0|0|020|5102|5102000|66,5|12|7,98|0|0|0||||0|0|0|01|114|1,65|||1,88|01|114|7,6|||8,66|265|
|C170|4|2525|ERVA MATE LAGO VERDE NATIVA 1 KG|5|Un|52,5|0|0|020|5102|5102000|30,62|12|3,67|0|0|0||||0|0|0|01|52,5|1,65|||0,87|01|52,5|7,6|||3,99|265|
|C170|5|2515|ERVA MATE LAGO VERDE SOLTA C/10KG|1|FD|98|0|0|020|5102|5102000|57,17|12|6,86|0|0|0||||0|0|0|01|98|1,65|||1,62|01|98|7,6|||7,45|265|
|C100|1|0|8633|55|00|0|6604|43230109624855000168550000000066041226134206|16012023|16012023|295,28|1|0|0|295,28|0|0|0|0|295,28|35,44|0|0|0|4,87|22,44|0|0|
|C110|70|Pedido(s):35612;Vendedor:VENDAS;SAPUCAIA DO SUL - RS;L.III,ART.1-K.DIF. PARCIAL NAO ESPECIFICADO;Aplicado " Diferimento parcial de 29,41176% do valor da operacao conformeLivroIII,TituloI, CapituloI, Secao II,Art.1oKdo RICMS.;VALOR APROXIMADO TRIBUTOS R$ 3|
|C170|1|3236|PLASTICO FILME LUSAFILM. R 105 380X09X800|1|Un|94,9|0|0|051|5102|5102000|94,9|17|11,39|0|0|0||||0|0|0|01|94,9|1,65|||1,57|01|94,9|7,6|||7,21|265|
|C170|2|3179|COPO DESCARTAVEL 180ML BRANCO C/100 ABNT IBRAS|2|Un|9,98|0|0|051|5102|5102000|9,98|17|1,2|0|0|0||||0|0|0|01|9,98|1,65|||0,16|01|9,98|7,6|||0,76|265|
|C170|3|3178|LUVA VINIFLEX VABENE P C/ 100UN|10|Un|190,4|0|0|051|5102|5102000|190,4|17|22,85|0|0|0||||0|0|0|01|190,4|1,65|||3,14|01|190,4|7,6|||14,47|265|
|C100|1|0|1578|55|00|0|6626|43230109624855000168550000000066261034944444|19012023|19012023|517,13|1|0|0|517,13|0|0|0|0|452,55|54,31|0|0|0|6,7|30,84|0|0|
|C110|60|Pedido(s):35663;Vendedor:VENDAS;SAPUCAIA DO SUL - RS;Aplicado " Diferimento parcial de 29,41176% do valor da operacao conformeLivroIII,TituloI, CapituloI, Secao II,Art.1oKdo RICMS.;RICMS/RS - LIVRO I, ARTIGO 23, INCISO LX, ALINEA "B"; LIVRO I, ARTIGO 27,|
|C170|1|2515|ERVA MATE LAGO VERDE SOLTA C/10KG|1|FD|98|0|0|020|5102|5102000|57,17|12|6,86|0|0|0||||0|0|0|01|98|1,65|||1,62|01|98|7,6|||7,45|265|
|C170|2|2508|ERVA MATE LAGO VERDE NATIVA 500GR|10|Un|57|0|0|020|5102|5102000|33,25|12|3,99|0|0|0||||0|0|0|01|57|1,65|||0,94|01|57|7,6|||4,33|265|
|C170|3|2248|CHA MADRUGADA CAMOMILA 1GR|10|Un|29,5|0|0|051|5102|5102000|29,5|17|3,54|0|0|0||||0|0|0|01|29,5|1,65|||0,49|01|29,5|7,6|||2,24|265|
|C170|4|3208|SACO DE LIXO 50LT LIX FLEX C/10 UNID ALMOFADA|25|Un|62,25|0|0|051|5102|5102000|62,25|17|7,47|0|0|0||||0|0|0|01|62,25|1,65|||1,03|01|62,25|7,6|||4,73|265|
|C170|5|3284|SABAO IMPERIAL AZUL INDIVIDUAL 200GR|12|Un|31,08|0|0|051|5102|5102000|31,08|17|3,73|0|0|0||||0|0|0|01|31,08|1,65|||0,51|01|31,08|7,6|||2,36|265|
|C170|6|2371|FAROFA DE MANDIOCA ROCHA TRADICIONAL 250GR|12|Un|37,8|0|0|051|5102|5102000|37,8|17|4,54|0|0|0||||0|0|0|06|0|0|||0|06|0|0|||0|265|
|C170|7|2369|FAROFA DE MANDIOCA ROCHA CALABRESA 250GR|12|Un|37,8|0|0|051|5102|5102000|37,8|17|4,54|0|0|0||||0|0|0|06|0|0|||0|06|0|0|||0|265|
|C170|8|2709|TORRAO IDEAL POTE C/22 (PACOCA AMENDOIM)|3|Un|79,5|0|0|051|5102|5102000|79,5|17|9,54|0|0|0||||0|0|0|01|79,5|1,65|||1,31|01|79,5|7,6|||6,04|265|
|C170|9|2699|FOUDANT DE LEITE BOA VISTA 50 GR C/20|1|Un|33,5|0|0|051|5102|5102000|33,5|17|4,02|0|0|0||||0|0|0|01|33,5|1,65|||0,55|01|33,5|7,6|||2,55|265|
|C170|10|2692|BRIGADEIRO DE LEITE CONDENSADO BOA VISTA 50G C/20|1|Un|35,7|0|0|051|5102|5102000|35,7|17|4,28|0|0|0||||0|0|0|06|0|0|||0|06|0|0|||0|265|
|C170|11|2445|FILTRO P/ BOMBA CHIMARRAO C/20|1|CT|15|0|0|051|5102|5102000|15|17|1,8|0|0|0||||0|0|0|01|15|1,65|||0,25|01|15|7,6|||1,14|265|
|C100|1|0|1578|55|00|0|6594|43230109624855000168550000000065941883236333|13012023|13012023|1066,33|1|0|0|1066,33|0|0|0|0|1066,33|131,11|0|0|0|17,61|81,04|0|0|
|C110|55|Pedido(s):35422;Vendedor:VENDAS;SAPUCAIA DO SUL - RS;L.III,ART.1-K.DIF. PARCIAL NAO ESPECIFICADO;Aplicado " Diferimento parcial de 29,41176% do valor da operacao conformeLivroIII,TituloI, CapituloI, Secao II,Art.1oKdo RICMS.;VALOR APROXIMADO TRIBUTOS R$ 8|
|C170|1|2807|SACOLA VIP 38X48 BRANCA CX C/1000 - PLAMER|1|CX|62,9|0|0|000|5102|5102000|62,9|17|10,69|0|0|0||||0|0|0|01|62,9|1,65|||1,04|01|62,9|7,6|||4,78|265|
|C170|2|3462|EMBALAGEM ECO. RETANG. ARTIC. V10 VIERPACK|100|Un|25|0|0|051|5102|5102000|25|17|3|0|0|0||||0|0|0|01|25|1,65|||0,41|01|25|7,6|||1,9|265|
|C170|3|2429|COPO 400ML TRANSP. C/50|1|Un|10,49|0|0|051|5102|5102000|10,49|17|1,26|0|0|0||||0|0|0|01|10,49|1,65|||0,17|01|10,49|7,6|||0,8|265|
|C170|4|2680|TAMPA POTE 200/250/150/400|1|Un|5,5|0|0|051|5102|5102000|5,5|17|0,66|0|0|0||||0|0|0|01|5,5|1,65|||0,09|01|5,5|7,6|||0,42|265|
|C170|5|2631|PAPEL PADARIA MANILHINHA 3KG|1|FD|37,9|0|0|051|5102|5102000|37,9|17|4,55|0|0|0||||0|0|0|01|37,9|1,65|||0,63|01|37,9|7,6|||2,88|265|
|C170|6|2648|COPO TERMICO 180ML BRANCO C/25 NACIONAL DART|2|Un|11,98|0|0|051|5102|5102000|11,98|17|1,44|0|0|0||||0|0|0|01|11,98|1,65|||0,2|01|11,98|7,6|||0,91|265|
|C170|7|2580|BANDEJA EPS MOD. FR02 TAM. 14,5X21X1,5CM|100|Un|15|0|0|051|5102|5102000|15|17|1,8|0|0|0||||0|0|0|01|15|1,65|||0,25|01|15|7,6|||1,14|265|
|C170|8|2354|BANDEJA EPS MOD. FR03 TAM. 18X 24 X1,5CM|400|Un|88|0|0|051|5102|5102000|88|17|10,56|0|0|0||||0|0|0|01|88|1,65|||1,45|01|88|7,6|||6,69|265|
|C170|9|2304|AGUA SANITARIA ACTUALY 5L|4|Un|34|0|0|051|5102|5102000|34|17|4,08|0|0|0||||0|0|0|01|34|1,65|||0,56|01|34|7,6|||2,58|265|
|C170|10|3444|BANDEJA EPS MOD. FR02 ABSORV. AMARELA TAM. 21,5X14X2CM|200|Un|58|0|0|051|5102|5102000|58|17|6,96|0|0|0||||0|0|0|01|58|1,65|||0,96|01|58|7,6|||4,41|265|
|C170|11|3443|BANDEJA EPS MOD. FR02 ABSORV. PRETA TAM. 21,5X14X2CM|200|Un|58|0|0|051|5102|5102000|58|17|6,96|0|0|0||||0|0|0|01|58|1,65|||0,96|01|58|7,6|||4,41|265|
|C170|12|2656|EMB. PET CRISTAL B. PRETA P70M 35.5X25.5X11CM PPLAST|10|Un|36,9|0|0|051|5102|5102000|36,9|17|4,43|0|0|0||||0|0|0|01|36,9|1,65|||0,61|01|36,9|7,6|||2,8|265|
|C170|13|3236|PLASTICO FILME LUSAFILM. R 105 380X09X800|1|Un|79,9|0|0|051|5102|5102000|79,9|17|9,59|0|0|0||||0|0|0|01|79,9|1,65|||1,32|01|79,9|7,6|||6,07|265|
|C170|14|2905|LUVA VINIL VABENE C/PO M C/100UN|12|Un|542,76|0|0|051|5102|5102000|542,76|17|65,13|0|0|0||||0|0|0|01|542,76|1,65|||8,96|01|542,76|7,6|||41,25|265|
|C100|1|0|643|55|00|0|6587|43230109624855000168550000000065871713808013|11012023|11012023|747|1|0|0|747|0|0|0|0|747|126,99|0|0|0|12,32|56,76|0|0|
|C110|62|Pedido(s):35452;Vendedor:VENDAS;SAPUCAIA DO SUL - RS;|
|C170|1|2786|SACOLA REC. 38X48 BEGE - MB C/500|1|FD|39,9|0|0|000|5102|5102000|39,9|17|6,78|0|0|0||||0|0|0|01|39,9|1,65|||0,66|01|39,9|7,6|||3,03|265|
|C170|2|3438|BOBINAO PLASTICO 03 KG PLUS ROLEPLAST|1|Un|186,3|0|0|000|5102|5102000|186,3|17|31,67|0|0|0||||0|0|0|01|186,3|1,65|||3,07|01|186,3|7,6|||14,16|265|
|C170|3|2183|BOBINAO PLASTICO 5KG BAIXA MB|1|Un|244,4|0|0|000|5102|5102000|244,4|17|41,55|0|0|0||||0|0|0|01|244,4|1,65|||4,03|01|244,4|7,6|||18,57|265|
|C170|4|2807|SACOLA VIP 38X48 BRANCA CX C/1000 - PLAMER|1|CX|59,5|0|0|000|5102|5102000|59,5|17|10,12|0|0|0||||0|0|0|01|59,5|1,65|||0,98|01|59,5|7,6|||4,52|265|
|C170|5|3467|SACOLA REEXT. 40X50 2,5KG VERDE MULTICOLOR LIPLAST|1|pct|29,9|0|0|000|5102|5102000|29,9|17|5,08|0|0|0||||0|0|0|01|29,9|1,65|||0,49|01|29,9|7,6|||2,27|265|
|C170|6|3439|BOBINAO PLASTICO 05 KG PLUS ROLEPLAST|1|Un|187|0|0|000|5102|5102000|187|17|31,79|0|0|0||||0|0|0|01|187|1,65|||3,09|01|187|7,6|||14,21|265|
|C100|1|0|431|55|00|0|6595|43230109624855000168550000000065951891055412|13012023|13012023|746,9|1|0|0|746,9|0|0|0|0|746,9|117,01|0|0|0|12,32|56,77|0|0|
|C110|95|Pedido(s):35518;Vendedor:VENDAS;SAPUCAIA DO SUL - RS;L.III,ART.1-K.DIF. PARCIAL NAO ESPECIFICADO;|
|C170|1|2803|SACOLA REC. AMARELA 40X50 NINUS C/2,5 KG|2|FD|75,8|0|0|000|5102|5102000|75,8|17|12,89|0|0|0||||0|0|0|01|75,8|1,65|||1,25|01|75,8|7,6|||5,76|265|
|C170|2|2803|SACOLA REC. AMARELA 40X50 NINUS C/2,5 KG|10|FD|379|0|0|000|5102|5102000|379|17|64,43|0|0|0||||0|0|0|01|379|1,65|||6,25|01|379|7,6|||28,8|265|
|C170|3|2800|SACOLA REC. AMARELA 30X45 NINUS C/ 1,8KG|1|CX|28,9|0|0|000|5102|5102000|28,9|17|4,91|0|0|0||||0|0|0|01|28,9|1,65|||0,48|01|28,9|7,6|||2,2|265|
|C170|4|2807|SACOLA VIP 38X48 BRANCA CX C/1000 - PLAMER|1|CX|63,9|0|0|000|5102|5102000|63,9|17|10,86|0|0|0||||0|0|0|01|63,9|1,65|||1,05|01|63,9|7,6|||4,86|265|
|C170|5|3216|LUVA VINIFLEX VABENE GG C/ 100UN|10|Un|199,3|0|0|051|5102|5102000|199,3|17|23,92|0|0|0||||0|0|0|01|199,3|1,65|||3,29|01|199,3|7,6|||15,15|265|
|C100|1|0|145|55|00|0|6588|43230109624855000168550000000065881248438687|11012023|11012023|817,42|1|0|0|817,42|0|0|0|0|701,68|115,68|0|0|0|12,86|59,21|0|0|
|C110|63|Pedido(s):35429;Vendedor:VENDAS;SAPUCAIA DO SUL - RS;Aplicado " Diferimento parcial de 29,41176% do valor da operacao conformeLivroIII,TituloI, CapituloI, Secao II,Art.1oKdo RICMS.;BASE ICMS ST RETIDO:93,72 VALOR ICMS RETIDO: 18,28;|
|C170|1|2803|SACOLA REC. AMARELA 40X50 NINUS C/2,5 KG|6|FD|239,4|0|0|000|5102|5102000|239,4|17|40,7|0|0|0||||0|0|0|01|239,4|1,65|||3,95|01|239,4|7,6|||18,19|265|
|C170|2|2800|SACOLA REC. AMARELA 30X45 NINUS C/ 1,8KG|1|CX|28,9|0|0|000|5102|5102000|28,9|17|4,91|0|0|0||||0|0|0|01|28,9|1,65|||0,48|01|28,9|7,6|||2,2|265|
|C170|3|2746|SACOLA BIOPLUS 38X48 BRANCA CX C/800|3|CX|268,5|0|0|000|5102|5102000|268,5|17|45,64|0|0|0||||0|0|0|01|268,5|1,65|||4,43|01|268,5|7,6|||20,41|265|
|C170|4|2557|FERMENTO MONOPOL 50X11GR|1|CX|32,5|0|0|051|5102|5102000|32,5|17|3,9|0|0|0||||0|0|0|01|32,5|1,65|||0,54|01|32,5|7,6|||2,47|265|
|C170|5|2926|TOUCA TNT VABENE C/12UN|2|Un|8,58|0|0|051|5102|5102000|8,58|17|1,03|0|0|0||||0|0|0|01|8,58|1,65|||0,14|01|8,58|7,6|||0,65|265|
|C170|6|2625|PAPEL P/ SALGADO BRANCO 40X22 C/500|1|pct|30,9|0|0|051|5102|5102000|30,9|17|3,71|0|0|0||||0|0|0|01|30,9|1,65|||0,51|01|30,9|7,6|||2,35|265|
|C170|7|2766|SACOLA BRANCA NINUS PARA PAO 40X50 C/800|1|CX|92,9|0|0|000|5102|5102000|92,9|17|15,79|0|0|0||||0|0|0|01|92,9|1,65|||1,53|01|92,9|7,6|||7,06|265|
|C170|8|2041|COCKTAIL VODKA KISLLA BIG APPLE VD 890ML|6|Un|77,4|0|0|060|5405|5405000|0|0|0|0|0|0||||0|0|0|01|77,4|1,65|||1,28|01|77,4|7,6|||5,88|265|
|C170|9|2453|ENERGETICO RED HORSE 1LT|6|Un|38,34|0|0|060|5405|5405000|0|0|0|0|0|0||||0|0|0|06|0|0|||0|06|0|0|||0|265|
|C100|1|0|1578|55|00|0|6577|43230109624855000168550000000065771014441564|10012023|10012023|2221,58|1|0|0|2221,58|0|0|0|0|2221,58|266,6|0|0|0|36,66|168,85|0|0|
|C110|77|Pedido(s):35408;Vendedor:VENDAS;SAPUCAIA DO SUL - RS;L.III,ART.1-K.DIF. PARCIAL NAO ESPECIFICADO;Aplicado " Diferimento parcial de 29,41176% do valor da operacao conformeLivroIII,TituloI, CapituloI, Secao II,Art.1oKdo RICMS.;VALOR APROXIMADO TRIBUTOS R$ 8|
|C170|1|2672|POTE TRANSPARENTE 200ML C/50|6|Un|35,94|0|0|051|5102|5102000|35,94|17|4,31|0|0|0||||0|0|0|01|35,94|1,65|||0,59|01|35,94|7,6|||2,73|265|
|C170|2|2680|TAMPA POTE 200/250/150/400|7|Un|38,5|0|0|051|5102|5102000|38,5|17|4,62|0|0|0||||0|0|0|01|38,5|1,65|||0,64|01|38,5|7,6|||2,93|265|
|C170|3|2671|POTE TRANSPARENTE 100ML C/100|2|Un|15,98|0|0|051|5102|5102000|15,98|17|1,92|0|0|0||||0|0|0|01|15,98|1,65|||0,26|01|15,98|7,6|||1,21|265|
|C170|4|2681|TAMPA TRANSPARENTE POTE 100ML C/100|2|Un|13,5|0|0|051|5102|5102000|13,5|17|1,62|0|0|0||||0|0|0|01|13,5|1,65|||0,22|01|13,5|7,6|||1,03|265|
|C170|5|2579|BANDEJA EPS MOD. FR01 TAM. 15X15X1,5CM|200|Un|22|0|0|051|5102|5102000|22|17|2,64|0|0|0||||0|0|0|01|22|1,65|||0,36|01|22|7,6|||1,67|265|
|C170|6|2909|LUVA VINIFLEX VABENE M C/ 100UN|1|Un|15|0|0|051|5102|5102000|15|17|1,8|0|0|0||||0|0|0|01|15|1,65|||0,25|01|15|7,6|||1,14|265|
|C170|7|2648|COPO TERMICO 180ML BRANCO C/25 NACIONAL DART|3|Un|17,97|0|0|051|5102|5102000|17,97|17|2,16|0|0|0||||0|0|0|01|17,97|1,65|||0,3|01|17,97|7,6|||1,37|265|
|C170|8|3462|EMBALAGEM ECO. RETANG. ARTIC. V10 VIERPACK|200|Un|50|0|0|051|5102|5102000|50|17|6|0|0|0||||0|0|0|01|50|1,65|||0,83|01|50|7,6|||3,8|265|
|C170|9|3463|EMBALAGEM ECO. RETANG. ARTIC. V13 VIERPACK|100|Un|49|0|0|051|5102|5102000|49|17|5,88|0|0|0||||0|0|0|01|49|1,65|||0,81|01|49|7,6|||3,72|265|
|C170|10|2679|TAMPA P/COPO TERMICO 180ML BRANCO C/100|1|Un|15,9|0|0|051|5102|5102000|15,9|17|1,91|0|0|0||||0|0|0|01|15,9|1,65|||0,26|01|15,9|7,6|||1,21|265|
|C170|11|2304|AGUA SANITARIA ACTUALY 5L|6|Un|51|0|0|051|5102|5102000|51|17|6,12|0|0|0||||0|0|0|01|51|1,65|||0,84|01|51|7,6|||3,88|265|
|C170|12|3369|COPO DESCART TRANSP 300 ML PP C/50 COPOZAN|1|Un|6,49|0|0|051|5102|5102000|6,49|17|0,78|0|0|0||||0|0|0|01|6,49|1,65|||0,11|01|6,49|7,6|||0,49|265|
|C170|13|3385|TAMPA TRANSP. COPO PP/PS 250-300-330ML C/50UN COPOZAN|1|Un|5,99|0|0|051|5102|5102000|5,99|17|0,72|0|0|0||||0|0|0|01|5,99|1,65|||0,1|01|5,99|7,6|||0,46|265|
|C170|14|3236|PLASTICO FILME LUSAFILM. R 105 380X09X800|1|Un|79,9|0|0|051|5102|5102000|79,9|17|9,59|0|0|0||||0|0|0|01|79,9|1,65|||1,32|01|79,9|7,6|||6,07|265|
|C170|15|2580|BANDEJA EPS MOD. FR02 TAM. 14,5X21X1,5CM|100|Un|15|0|0|051|5102|5102000|15|17|1,8|0|0|0||||0|0|0|01|15|1,65|||0,25|01|15|7,6|||1,14|265|
|C170|16|3443|BANDEJA EPS MOD. FR02 ABSORV. PRETA TAM. 21,5X14X2CM|100|Un|28|0|0|051|5102|5102000|28|17|3,36|0|0|0||||0|0|0|01|28|1,65|||0,46|01|28|7,6|||2,13|265|
|C170|17|3444|BANDEJA EPS MOD. FR02 ABSORV. AMARELA TAM. 21,5X14X2CM|100|Un|28|0|0|051|5102|5102000|28|17|3,36|0|0|0||||0|0|0|01|28|1,65|||0,46|01|28|7,6|||2,13|265|
|C170|18|3450|BANDEJA EPS MOD. FR04AB ROSA TAM. 15X27,5X2CM|100|Un|52|0|0|051|5102|5102000|52|17|6,24|0|0|0||||0|0|0|01|52|1,65|||0,86|01|52|7,6|||3,95|265|
|C170|19|2904|LUVA VINIL VABENE C/PO G C/100UN|41|Un|1681,41|0|0|051|5102|5102000|1681,41|17|201,77|0|0|0||||0|0|0|01|1681,41|1,65|||27,74|01|1681,41|7,6|||127,79|265|
|C100|1|0|10213|55|00|0|6575|43230109624855000168550000000065751179113283|10012023|10012023|669,6|1|0|0|669,6|0|0|0|0|390,6|46,88|0|0|0|11,05|50,88|0|0|
|C110|84|Pedido(s):35345;Vendedor:VENDAS;SAPUCAIA DO SUL - RS;RICMS/RS - LIVRO I, ARTIGO 23, INCISO LX, ALINEA "B"; LIVRO I, ARTIGO 27, INCISO V E APENDICE I, SECAO II. ;|
|C170|1|2525|ERVA MATE LAGO VERDE NATIVA 1 KG|10|Un|105|0|0|020|5102|5102000|61,25|12|7,35|0|0|0||||0|0|0|01|105|1,65|||1,73|01|105|7,6|||7,98|265|
|C170|2|2506|ERVA MATE LAGO VERDE COMPOSTA MENTA 500G|20|Un|139,8|0|0|020|5102|5102000|81,55|12|9,79|0|0|0||||0|0|0|01|139,8|1,65|||2,31|01|139,8|7,6|||10,62|265|
|C170|3|2505|ERVA MATE LAGO VERDE COMPOSTA 500GR|20|Un|139,8|0|0|020|5102|5102000|81,55|12|9,79|0|0|0||||0|0|0|01|139,8|1,65|||2,31|01|139,8|7,6|||10,62|265|
|C170|4|2507|ERVA MATE LAGO VERDE GROSSA 500GR|20|Un|114|0|0|020|5102|5102000|66,5|12|7,98|0|0|0||||0|0|0|01|114|1,65|||1,88|01|114|7,6|||8,66|265|
|C170|5|2508|ERVA MATE LAGO VERDE NATIVA 500GR|30|Un|171|0|0|020|5102|5102000|99,75|12|11,97|0|0|0||||0|0|0|01|171|1,65|||2,82|01|171|7,6|||13|265|
|C100|1|0|13586|55|00|0|6576|43230109624855000168550000000065761596170260|10012023|10012023|689,1|1|0|0|689,1|0|0|0|0|401,97|48,24|0|0|0|11,38|52,36|0|0|
|C110|53|Pedido(s):35346;Vendedor:VENDAS;SAPUCAIA DO SUL - RS;RICMS/RS - LIVRO I, ARTIGO 23, INCISO LX, ALINEA "B"; LIVRO I, ARTIGO 27, INCISO V E APENDICE I, SECAO II. ;|
|C170|1|2506|ERVA MATE LAGO VERDE COMPOSTA MENTA 500G|20|Un|139,8|0|0|020|5102|5102000|81,55|12|9,79|0|0|0||||0|0|0|01|139,8|1,65|||2,31|01|139,8|7,6|||10,62|265|
|C170|2|2505|ERVA MATE LAGO VERDE COMPOSTA 500GR|20|Un|139,8|0|0|020|5102|5102000|81,55|12|9,79|0|0|0||||0|0|0|01|139,8|1,65|||2,31|01|139,8|7,6|||10,62|265|
|C170|3|2507|ERVA MATE LAGO VERDE GROSSA 500GR|10|Un|57|0|0|020|5102|5102000|33,25|12|3,99|0|0|0||||0|0|0|01|57|1,65|||0,94|01|57|7,6|||4,33|265|
|C170|4|2525|ERVA MATE LAGO VERDE NATIVA 1 KG|20|Un|210|0|0|020|5102|5102000|122,5|12|14,7|0|0|0||||0|0|0|01|210|1,65|||3,47|01|210|7,6|||15,96|265|
|C170|5|2508|ERVA MATE LAGO VERDE NATIVA 500GR|25|Un|142,5|0|0|020|5102|5102000|83,12|12|9,97|0|0|0||||0|0|0|01|142,5|1,65|||2,35|01|142,5|7,6|||10,83|265|
|C100|1|0|7578|55|00|0|6586|43230109624855000168550000000065861045232737|11012023|11012023|203|1|0|0|203|0|0|0|0|118,42|14,21|0|0|0|3,35|15,43|0|0|
|C110|24|Pedido(s):35415;Vendedor:VENDAS;SAPUCAIA DO SUL - RS;RICMS/RS - LIVRO I, ARTIGO 23, INCISO LX, ALINEA "B"; LIVRO I, ARTIGO 27, INCISO V E APENDICE I, SECAO II. ;|
|C170|1|2515|ERVA MATE LAGO VERDE SOLTA C/10KG|1|FD|98|0|0|020|5102|5102000|57,17|12|6,86|0|0|0||||0|0|0|01|98|1,65|||1,62|01|98|7,6|||7,45|265|
|C170|2|2525|ERVA MATE LAGO VERDE NATIVA 1 KG|10|Un|105|0|0|020|5102|5102000|61,25|12|7,35|0|0|0||||0|0|0|01|105|1,65|||1,73|01|105|7,6|||7,98|265|
|C100|1|0|1189|55|00|0|6585|43230109624855000168550000000065851986812222|11012023|11012023|199,15|1|0,05|0|199,2|0|0|0|0|199,15|23,9|0|0|0|3,29|15,14|0|0|
|C110|35|Pedido(s):35436;Vendedor:VENDAS;SAPUCAIA DO SUL - RS;Aplicado " Diferimento parcial de 29,41176% do valor da operacao conformeLivroIII,TituloI, CapituloI, Secao II,Art.1oKdo RICMS.;|
|C170|1|2671|POTE TRANSPARENTE 100ML C/100|25|Un|199,2|0,05|0|051|5102|5102000|199,15|17|23,9|0|0|0||||0|0|0|01|199,2|1,65|||3,29|01|199,2|7,6|||15,14|265|
|C100|1|0|8747|55|00|0|6584|43230109624855000168550000000065841679870538|11012023|11012023|264,18|1|0|0|264,18|0|0|0|0|223,35|33,63|0|0|0|4,35|20,07|0|0|
|C110|46|Pedido(s):35475;Vendedor:VENDAS;SAPUCAIA DO SUL - RS;Aplicado " Diferimento parcial de 29,41176% do valor da operacao conformeLivroIII,TituloI, CapituloI, Secao II,Art.1oKdo RICMS.;RICMS/RS - LIVRO I, ARTIGO 23, INCISO LX, ALINEA "B"; LIVRO I, ARTIGO 27,|
|C170|1|2515|ERVA MATE LAGO VERDE SOLTA C/10KG|1|FD|98|0|0|020|5102|5102000|57,17|12|6,86|0|0|0||||0|0|0|01|98|1,65|||1,62|01|98|7,6|||7,45|265|
|C170|2|2671|POTE TRANSPARENTE 100ML C/100|2|Un|15,98|0|0|051|5102|5102000|15,98|17|1,92|0|0|0||||0|0|0|01|15,98|1,65|||0,26|01|15,98|7,6|||1,21|265|
|C170|3|2681|TAMPA TRANSPARENTE POTE 100ML C/100|2|Un|13,5|0|0|051|5102|5102000|13,5|17|1,62|0|0|0||||0|0|0|01|13,5|1,65|||0,22|01|13,5|7,6|||1,03|265|
|C170|4|2743|SACOLA REC. 50X60 SOU ECO VERDE 4KG|1|FD|52,9|0|0|000|5102|5102000|52,9|17|8,99|0|0|0||||0|0|0|01|52,9|1,65|||0,87|01|52,9|7,6|||4,02|265|
|C170|5|3412|SACOLA PLASTICA RECICLADA PACK LIFE 30X40 1,8 KG VERDE CAIXA|1|CX|26,9|0|0|000|5102|5102000|26,9|17|4,57|0|0|0||||0|0|0|01|26,9|1,65|||0,44|01|26,9|7,6|||2,04|265|
|C170|6|2785|SACOLA REC. 38X48 BEGE - MB C/700|1|FD|56,9|0|0|000|5102|5102000|56,9|17|9,67|0|0|0||||0|0|0|01|56,9|1,65|||0,94|01|56,9|7,6|||4,32|265|
|C100|1|0|424|55|00|0|6583|43230109624855000168550000000065831782700715|10012023|10012023|450|1|0|0|450|0|0|0|0|262,5|31,5|0|0|0|7,43|34,2|0|0|
|C110|16|Pedido(s):35438;Vendedor:VENDAS;SAPUCAIA DO SUL - RS;RICMS/RS - LIVRO I, ARTIGO 23, INCISO LX, ALINEA "B"; LIVRO I, ARTIGO 27, INCISO V E APENDICE I, SECAO II. ;|
|C170|1|2516|ERVA MATE ROSAMATE SOLTA C/10KG|6|FD|450|0|0|020|5102|5102000|262,5|12|31,5|0|0|0||||0|0|0|01|450|1,65|||7,43|01|450|7,6|||34,2|265|
|C100|1|0|424|55|00|0|6582|43230109624855000168550000000065821670915127|10012023|10012023|3412|1|0|0|3412|0|0|0|0|1990,33|238,84|0|0|0|56,31|259,32|0|0|
|C110|11|Pedido(s):35439;Vendedor:VENDAS;SAPUCAIA DO SUL - RS;RICMS/RS - LIVRO I, ARTIGO 23, INCISO LX, ALINEA "B"; LIVRO I, ARTIGO 27, INCISO V E APENDICE I, SECAO II. ;|
|C170|1|2508|ERVA MATE LAGO VERDE NATIVA 500GR|100|Un|490|0|0|020|5102|5102000|285,83|12|34,3|0|0|0||||0|0|0|01|490|1,65|||8,09|01|490|7,6|||37,24|265|
|C170|2|2507|ERVA MATE LAGO VERDE GROSSA 500GR|20|Un|98|0|0|020|5102|5102000|57,17|12|6,86|0|0|0||||0|0|0|01|98|1,65|||1,62|01|98|7,6|||7,45|265|
|C170|3|2510|ERVA MATE LAGO VERDE SUAVE 500GR|20|Un|98|0|0|020|5102|5102000|57,17|12|6,86|0|0|0||||0|0|0|01|98|1,65|||1,62|01|98|7,6|||7,45|265|
|C170|4|2506|ERVA MATE LAGO VERDE COMPOSTA MENTA 500G|60|Un|354|0|0|020|5102|5102000|206,5|12|24,78|0|0|0||||0|0|0|01|354|1,65|||5,84|01|354|7,6|||26,9|265|
|C170|5|2505|ERVA MATE LAGO VERDE COMPOSTA 500GR|40|Un|236|0|0|020|5102|5102000|137,67|12|16,52|0|0|0||||0|0|0|01|236|1,65|||3,89|01|236|7,6|||17,94|265|
|C170|6|2527|ERVA MATE LAGO VERDE SUAVE 1 KG|20|Un|178|0|0|020|5102|5102000|103,83|12|12,46|0|0|0||||0|0|0|01|178|1,65|||2,94|01|178|7,6|||13,53|265|
|C170|7|2524|ERVA MATE LAGO VERDE GROSSA 1 KG|20|Un|178|0|0|020|5102|5102000|103,83|12|12,46|0|0|0||||0|0|0|01|178|1,65|||2,94|01|178|7,6|||13,53|265|
|C170|8|2525|ERVA MATE LAGO VERDE NATIVA 1 KG|200|Un|1780|0|0|020|5102|5102000|1038,33|12|124,6|0|0|0||||0|0|0|01|1780|1,65|||29,37|01|1780|7,6|||135,28|265|
|C100|1|0|2907|55|00|0|6581|43230109624855000168550000000065811990147409|10012023|10012023|1107,96|1|0|0|1107,96|0|0|0|0|646,3|77,56|0|0|0|18,31|84,2|0|0|
|C110|15|Pedido(s):35432;Vendedor:VENDAS;SAPUCAIA DO SUL - RS;RICMS/RS - LIVRO I, ARTIGO 23, INCISO LX, ALINEA "B"; LIVRO I, ARTIGO 27, INCISO V E APENDICE I, SECAO II. ;|
|C170|1|2515|ERVA MATE LAGO VERDE SOLTA C/10KG|2|FD|190|0|0|020|5102|5102000|110,83|12|13,3|0|0|0||||0|0|0|01|190|1,65|||3,14|01|190|7,6|||14,44|265|
|C170|2|2525|ERVA MATE LAGO VERDE NATIVA 1 KG|30|Un|299,7|0|0|020|5102|5102000|174,82|12|20,98|0|0|0||||0|0|0|01|299,7|1,65|||4,95|01|299,7|7,6|||22,78|265|
|C170|3|2506|ERVA MATE LAGO VERDE COMPOSTA MENTA 500G|20|Un|139,8|0|0|020|5102|5102000|81,55|12|9,79|0|0|0||||0|0|0|01|139,8|1,65|||2,31|01|139,8|7,6|||10,62|265|
|C170|4|2505|ERVA MATE LAGO VERDE COMPOSTA 500GR|20|Un|139,8|0|0|020|5102|5102000|81,55|12|9,79|0|0|0||||0|0|0|01|139,8|1,65|||2,31|01|139,8|7,6|||10,62|265|
|C170|5|2530|ERVA MATE MADRUGADA TRADICIONAL 500G|10|Un|62,9|0|0|020|5102|5102000|36,69|12|4,4|0|0|0||||0|0|0|01|62,9|1,65|||1,04|01|62,9|7,6|||4,78|265|
|C170|6|2511|ERVA MATE MADRUGADA 1KG TRADICIONAL|12|Un|137,88|0|0|020|5102|5102000|80,43|12|9,65|0|0|0||||0|0|0|01|137,88|1,65|||2,28|01|137,88|7,6|||10,48|265|
|C170|7|2491|ERVA MATE MADRUGADA MOIDA GROSSA 1KG|12|Un|137,88|0|0|020|5102|5102000|80,43|12|9,65|0|0|0||||0|0|0|01|137,88|1,65|||2,28|01|137,88|7,6|||10,48|265|
|C100|1|0|4986|55|00|0|6574|43230109624855000168550000000065741928991434|09012023|09012023|112,44|1|0|0|112,44|0|0|0|0|112,44|18,28|0|0|0|1,86|8,54|0|0|
|C110|10|Pedido(s):35389;Vendedor:VENDAS;SAPUCAIA DO SUL - RS;Aplicado " Diferimento parcial de 29,41176% do valor da operacao conformeLivroIII,TituloI, CapituloI, Secao II,Art.1oKdo RICMS.;|
|C170|1|2740|SACOLA REC. 40X50 SOU ECO VERDE 2,5KG|3|FD|95,7|0|0|000|5102|5102000|95,7|17|16,27|0|0|0||||0|0|0|01|95,7|1,65|||1,58|01|95,7|7,6|||7,27|265|
|C170|2|2352|AMIDO DE MILHO TOK-ZENA 200GR|6|Un|16,74|0|0|051|5102|5102000|16,74|17|2,01|0|0|0||||0|0|0|01|16,74|1,65|||0,28|01|16,74|7,6|||1,27|265|
|C100|1|0|1223|55|00|0|6579|43230109624855000168550000000065791922672546|10012023|10012023|2886,15|0|0|0|2886,15|0|0|0|0|2767,61|411,24|0|0|0|45,03|207,38|0|0|
|C110|8|Pedido(s):35409;Vendedor:VENDAS;SAPUCAIA DO SUL - RS;L.III,ART.1-K.DIF. PARCIAL NAO ESPECIFICADO;Aplicado " Diferimento parcial de 29,41176% do valor da operacao conformeLivroIII,TituloI, CapituloI, Secao II,Art.1oKdo RICMS.;RICMS/RS - LIVRO I, ARTIGO 23,|
|C170|1|2706|RAPADURA TORRAO DE AMENDOIM BOA VISTA 80GR C/20|1|Un|27,9|0|0|051|5102|5102000|27,9|17|3,35|0|0|0||||0|0|0|01|27,9|1,65|||0,46|01|27,9|7,6|||2,12|265|
|C170|2|2701|PACOCA BIG ROLHA IVOTI 52GR C/22|1|Un|27,9|0|0|051|5102|5102000|27,9|17|3,35|0|0|0||||0|0|0|01|27,9|1,65|||0,46|01|27,9|7,6|||2,12|265|
|C170|3|2709|TORRAO IDEAL POTE C/22 (PACOCA AMENDOIM)|1|Un|26,5|0|0|051|5102|5102000|26,5|17|3,18|0|0|0||||0|0|0|01|26,5|1,65|||0,44|01|26,5|7,6|||2,01|265|
|C170|4|3203|BOBINA MULTIDOBRA 30X39 AC PLAST C/500|6|Un|107,4|0|0|000|5102|5102000|107,4|17|18,26|0|0|0||||0|0|0|01|107,4|1,65|||1,77|01|107,4|7,6|||8,16|265|
|C170|5|2144|BOBINA PLASTICA 1KG MB 17X31CM|6|Un|99|0|0|000|5102|5102000|99|17|16,83|0|0|0||||0|0|0|01|99|1,65|||1,63|01|99|7,6|||7,52|265|
|C170|6|2154|BOBINA PLASTICA 3KG MB 23,5X35CM|6|Un|131,4|0|0|000|5102|5102000|131,4|17|22,34|0|0|0||||0|0|0|01|131,4|1,65|||2,17|01|131,4|7,6|||9,99|265|
|C170|7|2163|BOBINA PLASTICA 5KG MB 28X41CM|6|Un|197,4|0|0|000|5102|5102000|197,4|17|33,56|0|0|0||||0|0|0|01|197,4|1,65|||3,26|01|197,4|7,6|||15|265|
|C170|8|2807|SACOLA VIP 38X48 BRANCA CX C/1000 - PLAMER|1|CX|56,9|0|0|000|5102|5102000|56,9|17|9,67|0|0|0||||0|0|0|01|56,9|1,65|||0,94|01|56,9|7,6|||4,32|265|
|C170|9|3462|EMBALAGEM ECO. RETANG. ARTIC. V10 VIERPACK|100|Un|25|0|0|051|5102|5102000|25|17|3|0|0|0||||0|0|0|01|25|1,65|||0,41|01|25|7,6|||1,9|265|
|C170|10|2429|COPO 400ML TRANSP. C/50|3|Un|31,47|0|0|051|5102|5102000|31,47|17|3,78|0|0|0||||0|0|0|01|31,47|1,65|||0,52|01|31,47|7,6|||2,39|265|
|C170|11|2743|SACOLA REC. 50X60 SOU ECO VERDE 4KG|1|FD|52,9|0|0|000|5102|5102000|52,9|17|8,99|0|0|0||||0|0|0|01|52,9|1,65|||0,87|01|52,9|7,6|||4,02|265|
|C170|12|3467|SACOLA REEXT. 40X50 2,5KG VERDE MULTICOLOR LIPLAST|25|pct|722,5|0|0|000|5102|5102000|722,5|17|122,82|0|0|0||||0|0|0|01|722,5|1,65|||11,92|01|722,5|7,6|||54,91|265|
|C170|13|3466|SACOLA REEXT. 30X40 1,7KG VERDE MULTICOLOR LIPLAST|10|pct|215|0|0|000|5102|5102000|215|17|36,55|0|0|0||||0|0|0|01|215|1,65|||3,55|01|215|7,6|||16,34|265|
|C170|14|2302|AGUA SANITARIA ACTUALY 1L|24|Un|52,8|0|0|051|5102|5102000|52,8|17|6,34|0|0|0||||0|0|0|01|52,8|1,65|||0,87|01|52,8|7,6|||4,01|265|
|C170|15|2405|VELA SANDERO 7 DIAS BRANCA (235G)|12|Un|106,2|0|0|051|5102|5102000|106,2|17|12,74|0|0|0||||0|0|0|01|106,2|1,65|||1,75|01|106,2|7,6|||8,07|265|
|C170|16|2556|FERMENTO MONOPOL 100GR POTE|12|Un|34,2|0|0|051|5102|5102000|34,2|17|4,1|0|0|0||||0|0|0|01|34,2|1,65|||0,56|01|34,2|7,6|||2,6|265|
|C170|17|2561|FERMENTO TOK 60X10GR|1|CX|47,9|0|0|051|5102|5102000|47,9|17|5,75|0|0|0||||0|0|0|01|47,9|1,65|||0,79|01|47,9|7,6|||3,64|265|
|C170|18|3424|QUEIJO RALADO TUPY 40GR|25|Un|74,75|0|0|051|5102|5102000|74,75|17|8,97|0|0|0||||0|0|0|06|0|0|||0|06|0|0|||0|265|
|C170|19|2464|ERVILHA E MILHO ODERICH 200GR|48|Un|148,8|0|0|051|5102|5102000|148,8|17|17,86|0|0|0||||0|0|0|01|148,8|1,65|||2,46|01|148,8|7,6|||11,31|265|
|C170|20|2611|MAIONESE STAND UP ODERICH 200G|48|Un|100,32|0|0|051|5102|5102000|100,32|17|12,04|0|0|0||||0|0|0|01|100,32|1,65|||1,66|01|100,32|7,6|||7,62|265|
|C170|21|2487|ERVA MATE MADRUGADA COMPOSTO 500GR|8|PT|63,2|0|0|020|5102|5102000|36,87|12|4,42|0|0|0||||0|0|0|01|63,2|1,65|||1,04|01|63,2|7,6|||4,8|265|
|C170|22|2529|ERVA MATE MADRUGADA MOIDA GROSSA 500G|9|Un|58,41|0|0|020|5102|5102000|34,07|12|4,09|0|0|0||||0|0|0|01|58,41|1,65|||0,96|01|58,41|7,6|||4,44|265|
|C170|23|2530|ERVA MATE MADRUGADA TRADICIONAL 500G|10|Un|64,9|0|0|020|5102|5102000|37,86|12|4,54|0|0|0||||0|0|0|01|64,9|1,65|||1,07|01|64,9|7,6|||4,93|265|
|C170|24|2023|BATATA PALHA 70GR SANTA JUSTINA|40|Un|110|0|0|051|5102|5102000|110|17|13,2|0|0|0||||0|0|0|01|110|1,65|||1,82|01|110|7,6|||8,36|265|
|C170|25|2515|ERVA MATE LAGO VERDE SOLTA C/10KG|1|FD|98|0|0|020|5102|5102000|57,17|12|6,86|0|0|0||||0|0|0|01|98|1,65|||1,62|01|98|7,6|||7,45|265|
|C170|26|2353|AMIDO DE MILHO TOK-ZENA 500GR|12|Un|67,8|0|0|051|5102|5102000|67,8|17|8,14|0|0|0||||0|0|0|01|67,8|1,65|||1,12|01|67,8|7,6|||5,15|265|
|C170|27|2280|CHA MADRUGADA FRUTAS VERMELHAS 1,5G|10|Un|39,9|0|0|051|5102|5102000|39,9|17|4,79|0|0|0||||0|0|0|06|0|0|||0|06|0|0|||0|265|
|C170|28|2277|CHA MADRUG. ABACAXI HORTELA 10/1,5GR|10|CX|42,5|0|0|051|5102|5102000|42,5|17|5,1|0|0|0||||0|0|0|06|0|0|||0|06|0|0|||0|265|
|C170|29|2818|GELATINA MORANGO NEILAR|48|Un|55,2|0|0|051|5102|5102000|55,2|17|6,62|0|0|0||||0|0|0|01|55,2|1,65|||0,91|01|55,2|7,6|||4,2|265|
|C100|1|0||55|02|0|6567|43230109624855000168550000000065671706232362|||||||||||||||||||||
|C100|1|0|13584|55|00|0|6573|43230109624855000168550000000065731281608739|07012023|07012023|443,14|1|0|0|443,14|0|0|0|0|422,72|70,43|0|0|0|7,31|33,69|0|0|
|C110|18|Pedido(s):35364;Vendedor:VENDAS;SAPUCAIA DO SUL - RS;RICMS/RS - LIVRO I, ARTIGO 23, INCISO LX, ALINEA "B"; LIVRO I, ARTIGO 27, INCISO V E APENDICE I, SECAO II. ;|
|C170|1|3248|SACO DE LIXO 50LT LIX FLEX PRETO C/10 - ROLO|10|Un|28|0|0|000|5102|5102000|28|17|4,76|0|0|0||||0|0|0|01|28|1,65|||0,46|01|28|7,6|||2,13|265|
|C170|2|3245|SACO DE LIXO 100LT LIX FLEX PRETO C/ 5 - ROLO|10|Un|28|0|0|000|5102|5102000|28|17|4,76|0|0|0||||0|0|0|01|28|1,65|||0,46|01|28|7,6|||2,13|265|
|C170|3|2631|PAPEL PADARIA MANILHINHA 3KG|1|FD|38,5|0|0|000|5102|5102000|38,5|17|6,55|0|0|0||||0|0|0|01|38,5|1,65|||0,64|01|38,5|7,6|||2,93|265|
|C170|4|2600|CATCHUP PICANTE ODERICH 200GR|6|Un|20,1|0|0|000|5102|5102000|20,1|17|3,42|0|0|0||||0|0|0|01|20,1|1,65|||0,33|01|20,1|7,6|||1,53|265|
|C170|5|2611|MAIONESE STAND UP ODERICH 200G|12|Un|26,28|0|0|500|5102|5102000|26,28|17|4,47|0|0|0||||0|0|0|01|26,28|1,65|||0,43|01|26,28|7,6|||2|265|
|C170|6|2023|BATATA PALHA 70GR SANTA JUSTINA|12|Un|34,2|0|0|000|5102|5102000|34,2|17|5,81|0|0|0||||0|0|0|01|34,2|1,65|||0,56|01|34,2|7,6|||2,6|265|
|C170|7|2302|AGUA SANITARIA ACTUALY 1L|12|Un|27,48|0|0|000|5102|5102000|27,48|17|4,67|0|0|0||||0|0|0|01|27,48|1,65|||0,45|01|27,48|7,6|||2,09|265|
|C170|8|2303|AGUA SANITARIA ACTUALY 2L|6|Un|23,94|0|0|000|5102|5102000|23,94|17|4,07|0|0|0||||0|0|0|01|23,94|1,65|||0,4|01|23,94|7,6|||1,82|265|
|C170|9|2557|FERMENTO MONOPOL 50X11GR|1|CX|32,5|0|0|000|5102|5102000|32,5|17|5,52|0|0|0||||0|0|0|01|32,5|1,65|||0,54|01|32,5|7,6|||2,47|265|
|C170|10|2895|ALUMINIO 30CM X 7,5 METROS|6|Un|23,94|0|0|000|5102|5102000|23,94|17|4,07|0|0|0||||0|0|0|01|23,94|1,65|||0,4|01|23,94|7,6|||1,82|265|
|C170|11|2509|ERVA MATE LAGO VERDE SOLTA C/5KG|1|FD|49|0|0|020|5102|5102000|28,58|12|3,43|0|0|0||||0|0|0|01|49|1,65|||0,81|01|49|7,6|||3,72|265|
|C170|12|2560|FERMENTO TOK 30X10GR|1|CX|24,9|0|0|000|5102|5102000|24,9|17|4,23|0|0|0||||0|0|0|01|24,9|1,65|||0,41|01|24,9|7,6|||1,89|265|
|C170|13|3216|LUVA VINIFLEX VABENE GG C/ 100UN|10|Un|86,3|0|0|000|5102|5102000|86,3|17|14,67|0|0|0||||0|0|0|01|86,3|1,65|||1,42|01|86,3|7,6|||6,56|265|
|C100|1|0|12942|55|00|0|6566|43230109624855000168550000000065661092217738|06012023|06012023|98|1|0|0|98|0|0|0|0|57,17|6,86|0|0|0|1,62|7,45|0|0|
|C110|43|Pedido(s):35298;Vendedor:VENDAS;SAPUCAIA DO SUL - RS;RICMS/RS - LIVRO I, ARTIGO 23, INCISO LX, ALINEA "B"; LIVRO I, ARTIGO 27, INCISO V E APENDICE I, SECAO II. ;|
|C170|1|2515|ERVA MATE LAGO VERDE SOLTA C/10KG|1|FD|98|0|0|020|5102|5102000|57,17|12|6,86|0|0|0||||0|0|0|01|98|1,65|||1,62|01|98|7,6|||7,45|265|
|C100|1|0|719|55|00|0|6572|43230109624855000168550000000065721042772441|06012023|06012023|1589,69|1|0|0|1589,69|0|0|0|0|1508,88|182,38|0|0|0|30,3|139,56|0|0|
|C110|5|Pedido(s):35340;Vendedor:VENDAS;SAPUCAIA DO SUL - RS;Aplicado " Diferimento parcial de 29,41176% do valor da operacao conformeLivroIII,TituloI, CapituloI, Secao II,Art.1oKdo RICMS.;RICMS/RS - LIVRO I, ARTIGO 23, INCISO LX, ALINEA "B"; LIVRO I, ARTIGO 27,|
|C170|1|2525|ERVA MATE LAGO VERDE NATIVA 1 KG|10|Un|105|0|0|020|5102|5102000|61,25|12|7,35|0|0|0||||0|0|0|01|105|1,65|||1,73|01|105|7,6|||7,98|265|
|C170|2|2248|CHA MADRUGADA CAMOMILA 1GR|10|Un|29,5|0|0|051|5102|5102000|29,5|17|3,54|0|0|0||||0|0|0|01|29,5|1,65|||0,49|01|29,5|7,6|||2,24|265|
|C170|3|3220|PRENDEDOR DE ROUPA MADEIRA C/12 PRIMAVERA|50|Un|74,5|0|0|051|5102|5102000|74,5|17|8,94|0|0|0||||0|0|0|01|74,5|1,65|||1,23|01|74,5|7,6|||5,66|265|
|C170|4|3245|SACO DE LIXO 100LT LIX FLEX PRETO C/ 5 - ROLO|25|Un|67,25|0|0|051|5102|5102000|67,25|17|8,07|0|0|0||||0|0|0|01|67,25|1,65|||1,11|01|67,25|7,6|||5,11|265|
|C170|5|2016|ALCOOL FLOPS 500ML 92|24|Un|88,8|0|0|051|5102|5102000|88,8|17|10,66|0|0|0||||0|0|0|02|88,8|3,75|||3,33|02|88,8|17,25|||15,32|265|
|C170|6|2011|ALCOOL 1 LITRO 70 % FLOPS|24|Un|141,36|0|0|051|5102|5102000|141,36|17|16,96|0|0|0||||0|0|0|02|141,36|3,75|||5,3|02|141,36|17,25|||24,38|265|
|C170|7|2352|AMIDO DE MILHO TOK-ZENA 200GR|24|Un|66,96|0|0|051|5102|5102000|66,96|17|8,04|0|0|0||||0|0|0|01|66,96|1,65|||1,1|01|66,96|7,6|||5,09|265|
|C170|8|3359|LEITE DE COCO COCO BOM 200ML|24|Un|78,96|0|0|051|5102|5102000|78,96|17|9,48|0|0|0||||0|0|0|01|78,96|1,65|||1,3|01|78,96|7,6|||6|265|
|C170|9|2301|ACHOCOLATADO TOK 400GR|12|Un|51,48|0|0|051|5102|5102000|51,48|17|6,18|0|0|0||||0|0|0|01|51,48|1,65|||0,85|01|51,48|7,6|||3,91|265|
|C170|10|2397|TAPIOCA ROCHA 500GR|20|Un|103,8|0|0|051|5102|5102000|103,8|17|12,46|0|0|0||||0|0|0|01|103,8|1,65|||1,71|01|103,8|7,6|||7,89|265|
|C170|11|3321|SAL DIANA REFINADO 1 KG|30|Un|63|0|0|020|5102|5102000|25,94|17|4,41|0|0|0||||0|0|0|01|63|1,65|||1,04|01|63|7,6|||4,79|265|
|C170|12|2998|FAROFA DE MANDIOCA ROCHA SUAVE 250GR|12|Un|45,48|0|0|051|5102|5102000|45,48|17|5,46|0|0|0||||0|0|0|06|0|0|||0|06|0|0|||0|265|
|C170|13|2853|SUCO POP FRUTA LARANJA 25GR - DP C/20|8|DP|103,2|0|0|051|5102|5102000|103,2|17|12,38|0|0|0||||0|0|0|01|103,2|1,65|||1,7|01|103,2|7,6|||7,84|265|
|C170|14|2709|TORRAO IDEAL POTE C/22 (PACOCA AMENDOIM)|4|Un|106|0|0|051|5102|5102000|106|17|12,72|0|0|0||||0|0|0|01|106|1,65|||1,75|01|106|7,6|||8,06|265|
|C170|15|2613|MOLHO DE TOMATE TRADICIONAL FUGINI 300GR|360|Un|464,4|0|0|051|5102|5102000|464,4|17|55,73|0|0|0||||0|0|0|01|464,4|1,65|||7,66|01|464,4|7,6|||35,29|265|
|C100|1|0|7838|55|00|0|6570|43230109624855000168550000000065701909598057|06012023|06012023|778,05|1|0|0|778,05|0|0|0|0|350,9|42,12|0|0|0|12,26|56,39|0|0|
|C110|38|Pedido(s):35318;Vendedor:VENDAS;SAPUCAIA DO SUL - RS;Aplicado " Diferimento parcial de 29,41176% do valor da operacao conformeLivroIII,TituloI, CapituloI, Secao II,Art.1oKdo RICMS.; "Adicional de aliquota do AMPARA/RS, criado pela Lei no 14.742/15" e o co|
|C170|1|2072|ICE KISLLA BIG APPLE VD 275ML|24|Un|119,76|0|0|060|5405|5405000|0|0|0|0|0|0||||0|0|0|01|119,76|1,65|||1,98|01|119,76|7,6|||9,1|265|
|C170|2|2079|ICE KISLLA MARACUJA VD 275ML|12|Un|59,88|0|0|060|5405|5405000|0|0|0|0|0|0||||0|0|0|01|59,88|1,65|||0,99|01|59,88|7,6|||4,55|265|
|C170|3|2080|ICE KISLLA RED FRUITS VD 275ML|12|Un|59,88|0|0|060|5405|5405000|0|0|0|0|0|0||||0|0|0|01|59,88|1,65|||0,99|01|59,88|7,6|||4,55|265|
|C170|4|2078|ICE KISLLA LIMAO VD 275ML|24|Un|119,76|0|0|060|5405|5405000|0|0|0|0|0|0||||0|0|0|01|119,76|1,65|||1,98|01|119,76|7,6|||9,1|265|
|C170|5|2446|FILTRO PARA CAFE PERMANENTE MOKA 102|10|Un|29,5|0|0|051|5102|5102000|29,5|17|3,54|0|0|0||||0|0|0|01|29,5|1,65|||0,49|01|29,5|7,6|||2,24|265|
|C170|6|2091|VINHO BRANCO SUAVE IMPERIO 1,4L|12|Un|83,88|0|0|051|5102|5102000|83,88|17|10,07|0|0|0||||0|0|0|01|83,88|1,65|||1,38|01|83,88|7,6|||6,37|265|
|C170|7|2568|FILME PVC 28 CM X 10 CAIXINHA GUARUFILME|25|Un|67,25|0|0|051|5102|5102000|67,25|17|8,07|0|0|0||||0|0|0|01|67,25|1,65|||1,11|01|67,25|7,6|||5,11|265|
|C170|8|2448|COADOR DE PANO PARA CAFE|12|Un|17,88|0|0|051|5102|5102000|17,88|17|2,15|0|0|0||||0|0|0|01|17,88|1,65|||0,3|01|17,88|7,6|||1,36|265|
|C170|9|3376|FLOCAO DE MILHO SILOTI 500GR|12|Un|35,88|0|0|051|5102|5102000|35,88|17|4,31|0|0|0||||0|0|0|06|0|0|||0|06|0|0|||0|265|
|C170|10|2829|GELATINA SEM SABOR MADRUGADA 8GR|12|Un|21,48|0|0|051|5102|5102000|21,48|17|2,58|0|0|0||||0|0|0|01|21,48|1,65|||0,35|01|21,48|7,6|||1,63|265|
|C170|11|2529|ERVA MATE MADRUGADA MOIDA GROSSA 500G|10|Un|64,9|0|0|020|5102|5102000|37,86|12|4,54|0|0|0||||0|0|0|01|64,9|1,65|||1,07|01|64,9|7,6|||4,93|265|
|C170|12|2515|ERVA MATE LAGO VERDE SOLTA C/10KG|1|FD|98|0|0|020|5102|5102000|57,17|12|6,86|0|0|0||||0|0|0|01|98|1,65|||1,62|01|98|7,6|||7,45|265|
|C100|1|0|8633|55|00|0|6563|43230109624855000168550000000065631022631541|06012023|06012023|104,7|1|0|0|104,7|0|0|0|0|104,7|17,8|0|0|0|1,73|7,96|0|0|
|C110|1|Pedido(s):35300;Vendedor:VENDAS;SAPUCAIA DO SUL - RS;|
|C170|1|2740|SACOLA REC. 40X50 SOU ECO VERDE 2,5KG|3|FD|104,7|0|0|000|5102|5102000|104,7|17|17,8|0|0|0||||0|0|0|01|104,7|1,65|||1,73|01|104,7|7,6|||7,96|265|
|C100|1|0|428|55|00|0|6565|43230109624855000168550000000065651743191637|06012023|06012023|170|1|0|0|170|0|0|0|0|105,42|12,65|0|0|0|2,81|12,92|0|0|
|C110|23|Pedido(s):35292;Vendedor:VENDAS;SAPUCAIA DO SUL - RS;Aplicado " Diferimento parcial de 29,41176% do valor da operacao conformeLivroIII,TituloI, CapituloI, Secao II,Art.1oKdo RICMS.;RICMS/RS - LIVRO I, ARTIGO 23, INCISO LX, ALINEA "B"; LIVRO I, ARTIGO 27,|
|C170|1|2445|FILTRO P/ BOMBA CHIMARRAO C/20|1|CT|15|0|0|051|5102|5102000|15|17|1,8|0|0|0||||0|0|0|01|15|1,65|||0,25|01|15|7,6|||1,14|265|
|C170|2|2515|ERVA MATE LAGO VERDE SOLTA C/10KG|1|FD|98|0|0|020|5102|5102000|57,17|12|6,86|0|0|0||||0|0|0|01|98|1,65|||1,62|01|98|7,6|||7,45|265|
|C170|3|2508|ERVA MATE LAGO VERDE NATIVA 500GR|10|Un|57|0|0|020|5102|5102000|33,25|12|3,99|0|0|0||||0|0|0|01|57|1,65|||0,94|01|57|7,6|||4,33|265|
|C100|1|0|13082|55|00|0|6561|43230109624855000168550000000065611163543318|05012023|05012023|150,5|1|0|0|150,5|0|0|0|0|87,79|10,53|0|0|0|2,49|11,44|0|0|
|C110|2|Pedido(s):35283;Vendedor:VENDAS;SAPUCAIA DO SUL - RS;RICMS/RS - LIVRO I, ARTIGO 23, INCISO LX, ALINEA "B"; LIVRO I, ARTIGO 27, INCISO V E APENDICE I, SECAO II. ;|
|C170|1|2525|ERVA MATE LAGO VERDE NATIVA 1 KG|5|Un|52,5|0|0|020|5102|5102000|30,62|12|3,67|0|0|0||||0|0|0|01|52,5|1,65|||0,87|01|52,5|7,6|||3,99|265|
|C170|2|2515|ERVA MATE LAGO VERDE SOLTA C/10KG|1|FD|98|0|0|020|5102|5102000|57,17|12|6,86|0|0|0||||0|0|0|01|98|1,65|||1,62|01|98|7,6|||7,45|265|
|C100|1|0|1578|55|00|0|6578|43230109624855000168550000000065781740724047|10012023|10012023|775,5|1|0|0|775,5|0|0|0|0|722,17|86,67|0|0|0|11,63|53,5|0|0|
|C110|45|Pedido(s):35408;Vendedor:VENDAS;SAPUCAIA DO SUL - RS;Aplicado " Diferimento parcial de 29,41176% do valor da operacao conformeLivroIII,TituloI, CapituloI, Secao II,Art.1oKdo RICMS.;RICMS/RS - LIVRO I, ARTIGO 23, INCISO LX, ALINEA "B"; LIVRO I, ARTIGO 27,|
|C170|1|3075|SACO DE LIXO 100LT JUNIOR 0,6|100|Un|44|0|0|051|5102|5102000|44|17|5,28|0|0|0||||0|0|0|01|44|1,65|||0,73|01|44|7,6|||3,34|265|
|C170|2|2508|ERVA MATE LAGO VERDE NATIVA 500GR|10|Un|57|0|0|020|5102|5102000|33,25|12|3,99|0|0|0||||0|0|0|01|57|1,65|||0,94|01|57|7,6|||4,33|265|
|C170|3|2505|ERVA MATE LAGO VERDE COMPOSTA 500GR|10|Un|71|0|0|020|5102|5102000|41,42|12|4,97|0|0|0||||0|0|0|01|71|1,65|||1,17|01|71|7,6|||5,4|265|
|C170|4|3177|SACO DE LIXO 100LT LIX FLEX C/5 UNID ALMOFADA|50|Un|124,5|0|0|051|5102|5102000|124,5|17|14,94|0|0|0||||0|0|0|01|124,5|1,65|||2,05|01|124,5|7,6|||9,46|265|
|C170|5|3208|SACO DE LIXO 50LT LIX FLEX C/10 UNID ALMOFADA|25|Un|62,25|0|0|051|5102|5102000|62,25|17|7,47|0|0|0||||0|0|0|01|62,25|1,65|||1,03|01|62,25|7,6|||4,73|265|
|C170|6|3207|SACO DE LIXO 30 LT LIX FLEX C/10 UNID ALMOFADA|25|Un|62,25|0|0|051|5102|5102000|62,25|17|7,47|0|0|0||||0|0|0|01|62,25|1,65|||1,03|01|62,25|7,6|||4,73|265|
|C170|7|2709|TORRAO IDEAL POTE C/22 (PACOCA AMENDOIM)|6|Un|154,5|0|0|051|5102|5102000|154,5|17|18,54|0|0|0||||0|0|0|01|154,5|1,65|||2,55|01|154,5|7,6|||11,74|265|
|C170|8|2692|BRIGADEIRO DE LEITE CONDENSADO BOA VISTA 50G C/20|2|Un|71,4|0|0|051|5102|5102000|71,4|17|8,57|0|0|0||||0|0|0|06|0|0|||0|06|0|0|||0|265|
|C170|9|2699|FOUDANT DE LEITE BOA VISTA 50 GR C/20|2|Un|59,8|0|0|051|5102|5102000|59,8|17|7,18|0|0|0||||0|0|0|01|59,8|1,65|||0,99|01|59,8|7,6|||4,54|265|
|C170|10|2023|BATATA PALHA 70GR SANTA JUSTINA|20|Un|53,8|0|0|051|5102|5102000|53,8|17|6,46|0|0|0||||0|0|0|01|53,8|1,65|||0,89|01|53,8|7,6|||4,09|265|
|C170|11|2445|FILTRO P/ BOMBA CHIMARRAO C/20|1|CT|15|0|0|051|5102|5102000|15|17|1,8|0|0|0||||0|0|0|01|15|1,65|||0,25|01|15|7,6|||1,14|265|
|C100|1|0|1569|55|00|0|6562|43230109624855000168550000000065621864601478|05012023|05012023|179,9|1|0|0|179,9|0|0|0|0|104,94|12,59|0|0|0|2,97|13,67|0|0|
|C110|12|Pedido(s):35288;Vendedor:VENDAS;SAPUCAIA DO SUL - RS;RICMS/RS - LIVRO I, ARTIGO 23, INCISO LX, ALINEA "B"; LIVRO I, ARTIGO 27, INCISO V E APENDICE I, SECAO II. ;|
|C170|1|2506|ERVA MATE LAGO VERDE COMPOSTA MENTA 500G|10|Un|69,9|0|0|020|5102|5102000|40,77|12|4,89|0|0|0||||0|0|0|01|69,9|1,65|||1,15|01|69,9|7,6|||5,31|265|
|C170|2|2508|ERVA MATE LAGO VERDE NATIVA 500GR|20|Un|110|0|0|020|5102|5102000|64,17|12|7,7|0|0|0||||0|0|0|01|110|1,65|||1,82|01|110|7,6|||8,36|265|
|C100|1|0|447|55|00|0|6571|43230109624855000168550000000065711811321917|06012023|06012023|791,66|1|0|0|791,66|0|0|0|0|590,33|70,85|0|0|0|16,24|74,73|0|0|
|C110|36|Pedido(s):35259;Vendedor:VENDAS;SAPUCAIA DO SUL - RS;Aplicado " Diferimento parcial de 29,41176% do valor da operacao conformeLivroIII,TituloI, CapituloI, Secao II,Art.1oKdo RICMS.;RICMS/RS - LIVRO I, ARTIGO 23, INCISO LX, ALINEA "B"; LIVRO I, ARTIGO 27,|
|C170|1|2525|ERVA MATE LAGO VERDE NATIVA 1 KG|20|Un|199,8|0|0|020|5102|5102000|116,55|12|13,99|0|0|0||||0|0|0|01|199,8|1,65|||3,3|01|199,8|7,6|||15,18|265|
|C170|2|2014|ALCOOL FLOPS 1L 92|24|Un|150,96|0|0|051|5102|5102000|150,96|17|18,12|0|0|0||||0|0|0|02|150,96|3,75|||5,66|02|150,96|17,25|||26,04|265|
|C170|3|2515|ERVA MATE LAGO VERDE SOLTA C/10KG|1|FD|98|0|0|020|5102|5102000|57,17|12|6,86|0|0|0||||0|0|0|01|98|1,65|||1,62|01|98|7,6|||7,45|265|
|C170|4|2405|VELA SANDERO 7 DIAS BRANCA (235G)|12|Un|106,8|0|0|051|5102|5102000|106,8|17|12,82|0|0|0||||0|0|0|01|106,8|1,65|||1,76|01|106,8|7,6|||8,12|265|
|C170|5|2898|CORDA PARA VARAL REF.05|30|Un|50,7|0|0|051|5102|5102000|50,7|17|6,08|0|0|0||||0|0|0|01|50,7|1,65|||0,84|01|50,7|7,6|||3,85|265|
|C170|6|2511|ERVA MATE MADRUGADA 1KG TRADICIONAL|6|Un|71,4|0|0|020|5102|5102000|41,65|12|5|0|0|0||||0|0|0|01|71,4|1,65|||1,18|01|71,4|7,6|||5,43|265|
|C170|7|2508|ERVA MATE LAGO VERDE NATIVA 500GR|20|Un|114|0|0|020|5102|5102000|66,5|12|7,98|0|0|0||||0|0|0|01|114|1,65|||1,88|01|114|7,6|||8,66|265|
|C100|1|0|145|55|00|0|6555|43230109624855000168550000000065551633445409|05012023|05012023|613,98|1|0|0|613,98|0|0|0|0|516,15|71,77|0|0|0|10,12|46,66|0|0|
|C110|22|Pedido(s):35235;Vendedor:VENDAS;SAPUCAIA DO SUL - RS;Aplicado " Diferimento parcial de 29,41176% do valor da operacao conformeLivroIII,TituloI, CapituloI, Secao II,Art.1oKdo RICMS.;RICMS/RS - LIVRO I, ARTIGO 23, INCISO LX, ALINEA "B"; LIVRO I, ARTIGO 27,|
|C170|1|2747|SACOLA BIOPLUS 48X58 BRANCA CX C/ 800 PLAMER|1|CX|138,9|0|0|000|5102|5102000|138,9|17|23,61|0|0|0||||0|0|0|01|138,9|1,65|||2,29|01|138,9|7,6|||10,56|265|
|C170|2|2800|SACOLA REC. AMARELA 30X45 NINUS C/ 1,8KG|2|CX|57,8|0|0|000|5102|5102000|57,8|17|9,83|0|0|0||||0|0|0|01|57,8|1,65|||0,95|01|57,8|7,6|||4,39|265|
|C170|3|2525|ERVA MATE LAGO VERDE NATIVA 1 KG|10|Un|105|0|0|020|5102|5102000|61,25|12|7,35|0|0|0||||0|0|0|01|105|1,65|||1,73|01|105|7,6|||7,98|265|
|C170|4|2530|ERVA MATE MADRUGADA TRADICIONAL 500G|10|Un|64,9|0|0|020|5102|5102000|37,86|12|4,54|0|0|0||||0|0|0|01|64,9|1,65|||1,07|01|64,9|7,6|||4,93|265|
|C170|5|2529|ERVA MATE MADRUGADA MOIDA GROSSA 500G|10|Un|64,9|0|0|020|5102|5102000|37,86|12|4,54|0|0|0||||0|0|0|01|64,9|1,65|||1,07|01|64,9|7,6|||4,93|265|
|C170|6|3470|EMB. RET. C/TP ART. PP08 16X9X4.8CM PPLAST|100|Un|29|0|0|051|5102|5102000|29|17|3,48|0|0|0||||0|0|0|01|29|1,65|||0,48|01|29|7,6|||2,2|265|
|C170|7|2680|TAMPA POTE 200/250/150/400|12|Un|66|0|0|051|5102|5102000|66|17|7,92|0|0|0||||0|0|0|01|66|1,65|||1,09|01|66|7,6|||5,02|265|
|C170|8|2673|POTE TRANSPARENTE LISO 200ML C/50|12|Un|87,48|0|0|051|5102|5102000|87,48|17|10,5|0|0|0||||0|0|0|01|87,48|1,65|||1,44|01|87,48|7,6|||6,65|265|
|C100|1|0|426|55|00|0|6560|43230109624855000168550000000065601249592719|05012023|05012023|405,4|1|0|0|405,4|0|0|0|0|236,47|28,37|0|0|0|6,68|30,8|0|0|
|C110|13|Pedido(s):35269;Vendedor:VENDAS;SAPUCAIA DO SUL - RS;RICMS/RS - LIVRO I, ARTIGO 23, INCISO LX, ALINEA "B"; LIVRO I, ARTIGO 27, INCISO V E APENDICE I, SECAO II. ;|
|C170|1|2515|ERVA MATE LAGO VERDE SOLTA C/10KG|1|FD|98|0|0|020|5102|5102000|57,17|12|6,86|0|0|0||||0|0|0|01|98|1,65|||1,62|01|98|7,6|||7,45|265|
|C170|2|2506|ERVA MATE LAGO VERDE COMPOSTA MENTA 500G|10|Un|69,9|0|0|020|5102|5102000|40,77|12|4,89|0|0|0||||0|0|0|01|69,9|1,65|||1,15|01|69,9|7,6|||5,31|265|
|C170|3|2505|ERVA MATE LAGO VERDE COMPOSTA 500GR|10|Un|69,9|0|0|020|5102|5102000|40,77|12|4,89|0|0|0||||0|0|0|01|69,9|1,65|||1,15|01|69,9|7,6|||5,31|265|
|C170|4|2508|ERVA MATE LAGO VERDE NATIVA 500GR|10|Un|57|0|0|020|5102|5102000|33,25|12|3,99|0|0|0||||0|0|0|01|57|1,65|||0,94|01|57|7,6|||4,33|265|
|C170|5|2487|ERVA MATE MADRUGADA COMPOSTO 500GR|10|PT|79|0|0|020|5102|5102000|46,08|12|5,53|0|0|0||||0|0|0|01|79|1,65|||1,3|01|79|7,6|||6|265|
|C170|6|2488|ERVA MATE MADRUGADA COMPOSTO CASCARITA 500GR|4|Un|31,6|0|0|020|5102|5102000|18,43|12|2,21|0|0|0||||0|0|0|01|31,6|1,65|||0,52|01|31,6|7,6|||2,4|265|
|C100|1|0|1223|55|00|0|6554|43230109624855000168550000000065541505999323|04012023|04012023|3515,88|1|0|0|3515,88|0|0|0|0|3346,5|401,59|0|0|0|57,61|265,21|0|0|
|C110|39|Pedido(s):35215;Vendedor:VENDAS;SAPUCAIA DO SUL - RS;L.III,ART.1-K.DIF. PARCIAL NAO ESPECIFICADO;Aplicado " Diferimento parcial de 29,41176% do valor da operacao conformeLivroIII,TituloI, CapituloI, Secao II,Art.1oKdo RICMS.;RICMS/RS - LIVRO I, ARTIGO 23,|
|C170|1|2023|BATATA PALHA 70GR SANTA JUSTINA|40|Un|110|0|0|051|5102|5102000|110|17|13,2|0|0|0||||0|0|0|01|110|1,65|||1,82|01|110|7,6|||8,36|265|
|C170|2|2854|SUCO POP FRUTA LIMAO 25GR - DP C/20|4|DP|47,6|0|0|051|5102|5102000|47,6|17|5,71|0|0|0||||0|0|0|01|47,6|1,65|||0,79|01|47,6|7,6|||3,62|265|
|C170|3|2861|SUCO POP FRUTA PESSEGO 25GR - DP C/20|4|DP|47,6|0|0|051|5102|5102000|47,6|17|5,71|0|0|0||||0|0|0|01|47,6|1,65|||0,79|01|47,6|7,6|||3,62|265|
|C170|4|2853|SUCO POP FRUTA LARANJA 25GR - DP C/20|8|DP|95,2|0|0|051|5102|5102000|95,2|17|11,42|0|0|0||||0|0|0|01|95,2|1,65|||1,57|01|95,2|7,6|||7,24|265|
|C170|5|2588|MISTURA BOLO SABOR CENOURA TOK 400GR|12|Un|40,68|0|0|051|5102|5102000|40,68|17|4,88|0|0|0||||0|0|0|01|40,68|1,65|||0,67|01|40,68|7,6|||3,09|265|
|C170|6|2392|SAGU ROCHA 400GR|20|Un|99,8|0|0|051|5102|5102000|99,8|17|11,98|0|0|0||||0|0|0|01|99,8|1,65|||1,65|01|99,8|7,6|||7,58|265|
|C170|7|3430|PUDIM CHOCOLATE NEILAR 30GR|24|Un|27,6|0|0|051|5102|5102000|27,6|17|3,31|0|0|0||||0|0|0|01|27,6|1,65|||0,46|01|27,6|7,6|||2,1|265|
|C170|8|3433|PUDIM CARAMELO NEILAR 30GR|24|Un|27,6|0|0|051|5102|5102000|27,6|17|3,31|0|0|0||||0|0|0|01|27,6|1,65|||0,46|01|27,6|7,6|||2,1|265|
|C170|9|3429|PUDIM LEITE CONDENSADO NEILAR 30GR|24|Un|27,6|0|0|051|5102|5102000|27,6|17|3,31|0|0|0||||0|0|0|01|27,6|1,65|||0,46|01|27,6|7,6|||2,1|265|
|C170|10|3434|PUDIM COCO NEILAR 30GR|24|Un|27,6|0|0|051|5102|5102000|27,6|17|3,31|0|0|0||||0|0|0|01|27,6|1,65|||0,46|01|27,6|7,6|||2,1|265|
|C170|11|2817|GELATINA FRAMBOESA NEILAR 30 GR|24|Un|27,6|0|0|051|5102|5102000|27,6|17|3,31|0|0|0||||0|0|0|01|27,6|1,65|||0,46|01|27,6|7,6|||2,1|265|
|C170|12|2829|GELATINA SEM SABOR MADRUGADA 8GR|24|Un|42,96|0|0|051|5102|5102000|42,96|17|5,16|0|0|0||||0|0|0|01|42,96|1,65|||0,71|01|42,96|7,6|||3,26|265|
|C170|13|2263|CHA MATE 81 MACA C/ CANELA|12|Un|35,88|0|0|051|5102|5102000|35,88|17|4,31|0|0|0||||0|0|0|01|35,88|1,65|||0,59|01|35,88|7,6|||2,73|265|
|C170|14|2248|CHA MADRUGADA CAMOMILA 1GR|10|Un|29,5|0|0|051|5102|5102000|29,5|17|3,54|0|0|0||||0|0|0|01|29,5|1,65|||0,49|01|29,5|7,6|||2,24|265|
|C170|15|2352|AMIDO DE MILHO TOK-ZENA 200GR|24|Un|66,96|0|0|051|5102|5102000|66,96|17|8,04|0|0|0||||0|0|0|01|66,96|1,65|||1,1|01|66,96|7,6|||5,09|265|
|C170|16|2397|TAPIOCA ROCHA 500GR|20|Un|103|0|0|051|5102|5102000|103|17|12,36|0|0|0||||0|0|0|01|103|1,65|||1,7|01|103|7,6|||7,83|265|
|C170|17|2387|POLVILHO AZEDO ROCHA 400GR|10|Un|41,5|0|0|051|5102|5102000|41,5|17|4,98|0|0|0||||0|0|0|01|41,5|1,65|||0,68|01|41,5|7,6|||3,15|265|
|C170|18|2611|MAIONESE STAND UP ODERICH 200G|96|Un|200,64|0|0|051|5102|5102000|200,64|17|24,08|0|0|0||||0|0|0|01|200,64|1,65|||3,31|01|200,64|7,6|||15,25|265|
|C170|19|2595|BARBECUE BISNAGA ODERICH 200G|24|Un|95,76|0|0|051|5102|5102000|95,76|17|11,49|0|0|0||||0|0|0|01|95,76|1,65|||1,58|01|95,76|7,6|||7,28|265|
|C170|20|2396|SOPAO NEILAR CARNE 200GR|16|Un|63,84|0|0|051|5102|5102000|63,84|17|7,66|0|0|0||||0|0|0|01|63,84|1,65|||1,05|01|63,84|7,6|||4,85|265|
|C170|21|2371|FAROFA DE MANDIOCA ROCHA TRADICIONAL 250GR|12|Un|40,2|0|0|051|5102|5102000|40,2|17|4,82|0|0|0||||0|0|0|06|0|0|||0|06|0|0|||0|265|
|C170|22|2508|ERVA MATE LAGO VERDE NATIVA 500GR|10|Un|57|0|0|020|5102|5102000|33,25|12|3,99|0|0|0||||0|0|0|01|57|1,65|||0,94|01|57|7,6|||4,33|265|
|C170|23|2525|ERVA MATE LAGO VERDE NATIVA 1 KG|10|Un|105|0|0|020|5102|5102000|61,25|12|7,35|0|0|0||||0|0|0|01|105|1,65|||1,73|01|105|7,6|||7,98|265|
|C170|24|3270|DESINFETANTE ACTUALY 2LT FLORAL|12|Un|50,4|0|0|051|5102|5102000|50,4|17|6,05|0|0|0||||0|0|0|01|50,4|1,65|||0,83|01|50,4|7,6|||3,83|265|
|C170|25|2317|DESINFETANTE ACTUALY 2LT LAVANDA|12|Un|50,4|0|0|051|5102|5102000|50,4|17|6,05|0|0|0||||0|0|0|01|50,4|1,65|||0,83|01|50,4|7,6|||3,83|265|
|C170|26|2016|ALCOOL FLOPS 500ML 92|3|Un|11,07|0|0|051|5102|5102000|11,07|17|1,33|0|0|0||||0|0|0|02|11,07|3,75|||0,42|02|11,07|17,25|||1,91|265|
|C170|27|3248|SACO DE LIXO 50LT LIX FLEX PRETO C/10 - ROLO|50|Un|124,5|0|0|051|5102|5102000|124,5|17|14,94|0|0|0||||0|0|0|01|124,5|1,65|||2,05|01|124,5|7,6|||9,46|265|
|C170|28|2303|AGUA SANITARIA ACTUALY 2L|24|Un|95,76|0|0|051|5102|5102000|95,76|17|11,49|0|0|0||||0|0|0|01|95,76|1,65|||1,58|01|95,76|7,6|||7,28|265|
|C170|29|2671|POTE TRANSPARENTE 100ML C/100|20|Un|159,8|0|0|051|5102|5102000|159,8|17|19,18|0|0|0||||0|0|0|01|159,8|1,65|||2,64|01|159,8|7,6|||12,14|265|
|C170|30|2681|TAMPA TRANSPARENTE POTE 100ML C/100|20|Un|135|0|0|051|5102|5102000|135|17|16,2|0|0|0||||0|0|0|01|135|1,65|||2,23|01|135|7,6|||10,26|265|
|C170|31|2653|EMB. QUAD. C/TP ARTIC. P13 14.5X14.5X9CM PPLAST|100|Un|49|0|0|051|5102|5102000|49|17|5,88|0|0|0||||0|0|0|01|49|1,65|||0,81|01|49|7,6|||3,72|265|
|C170|32|2709|TORRAO IDEAL POTE C/22 (PACOCA AMENDOIM)|1|Un|26,5|0|0|051|5102|5102000|26,5|17|3,18|0|0|0||||0|0|0|01|26,5|1,65|||0,44|01|26,5|7,6|||2,01|265|
|C170|33|2701|PACOCA BIG ROLHA IVOTI 52GR C/22|1|Un|27,9|0|0|051|5102|5102000|27,9|17|3,35|0|0|0||||0|0|0|01|27,9|1,65|||0,46|01|27,9|7,6|||2,12|265|
|C170|34|2895|ALUMINIO 30CM X 7,5 METROS|25|Un|94,75|0|0|051|5102|5102000|94,75|17|11,37|0|0|0||||0|0|0|01|94,75|1,65|||1,56|01|94,75|7,6|||7,2|265|
|C170|35|2673|POTE TRANSPARENTE LISO 200ML C/50|140|Un|982,8|0|0|051|5102|5102000|982,8|17|117,94|0|0|0||||0|0|0|01|982,8|1,65|||16,22|01|982,8|7,6|||74,69|265|
|C170|36|2579|BANDEJA EPS MOD. FR01 TAM. 15X15X1,5CM|800|Un|56|0|0|051|5102|5102000|56|17|6,72|0|0|0||||0|0|0|01|56|1,65|||0,92|01|56|7,6|||4,26|265|
|C170|37|3216|LUVA VINIFLEX VABENE GG C/ 100UN|10|Un|89|0|0|051|5102|5102000|89|17|10,68|0|0|0||||0|0|0|01|89|1,65|||1,47|01|89|7,6|||6,76|265|
|C170|38|2341|SIDRA FIRE PREMIUM RED FRUITS 660ML|12|Un|101,88|0|0|060|5405|5405000|0|0|0|0|0|0||||0|0|0|01|101,88|1,65|||1,68|01|101,88|7,6|||7,74|265|
|C100|1|0|1578|55|00|0|6569|43230109624855000168550000000065691436763756|06012023|06012023|781,78|1|0|0|781,78|0|0|0|0|622,91|75,57|0|0|0|15,21|70,04|0|0|
|C110|20|Pedido(s):35228;Vendedor:VENDAS;SAPUCAIA DO SUL - RS;Aplicado " Diferimento parcial de 29,41176% do valor da operacao conformeLivroIII,TituloI, CapituloI, Secao II,Art.1oKdo RICMS.;RICMS/RS - LIVRO I, ARTIGO 23, INCISO LX, ALINEA "B"; LIVRO I, ARTIGO 27,|
|C170|1|2515|ERVA MATE LAGO VERDE SOLTA C/10KG|1|FD|98|0|0|020|5102|5102000|57,17|12|6,86|0|0|0||||0|0|0|01|98|1,65|||1,62|01|98|7,6|||7,45|265|
|C170|2|2506|ERVA MATE LAGO VERDE COMPOSTA MENTA 500G|10|Un|71|0|0|020|5102|5102000|41,42|12|4,97|0|0|0||||0|0|0|01|71|1,65|||1,17|01|71|7,6|||5,4|265|
|C170|3|2525|ERVA MATE LAGO VERDE NATIVA 1 KG|10|Un|105|0|0|020|5102|5102000|61,25|12|7,35|0|0|0||||0|0|0|01|105|1,65|||1,73|01|105|7,6|||7,98|265|
|C170|4|3321|SAL DIANA REFINADO 1 KG|20|Un|39,8|0|0|020|5102|5102000|16,39|17|2,79|0|0|0||||0|0|0|01|39,8|1,65|||0,66|01|39,8|7,6|||3,02|265|
|C170|5|2896|PAPEL ALUMINIO 45CM X 4 M VABENE|23|Un|91,77|0|0|051|5102|5102000|91,77|17|11,01|0|0|0||||0|0|0|01|91,77|1,65|||1,51|01|91,77|7,6|||6,97|265|
|C170|6|2011|ALCOOL 1 LITRO 70 % FLOPS|12|Un|65,88|0|0|051|5102|5102000|65,88|17|7,91|0|0|0||||0|0|0|02|65,88|3,75|||2,47|02|65,88|17,25|||11,36|265|
|C170|7|2016|ALCOOL FLOPS 500ML 92|12|Un|44,28|0|0|051|5102|5102000|44,28|17|5,31|0|0|0||||0|0|0|02|44,28|3,75|||1,66|02|44,28|17,25|||7,64|265|
|C170|8|2709|TORRAO IDEAL POTE C/22 (PACOCA AMENDOIM)|4|Un|106|0|0|051|5102|5102000|106|17|12,72|0|0|0||||0|0|0|01|106|1,65|||1,75|01|106|7,6|||8,06|265|
|C170|9|3075|SACO DE LIXO 100LT JUNIOR 0,6|100|Un|44|0|0|051|5102|5102000|44|17|5,28|0|0|0||||0|0|0|01|44|1,65|||0,73|01|44|7,6|||3,34|265|
|C170|10|2895|ALUMINIO 30CM X 7,5 METROS|25|Un|94,75|0|0|051|5102|5102000|94,75|17|11,37|0|0|0||||0|0|0|01|94,75|1,65|||1,56|01|94,75|7,6|||7,2|265|
|C170|11|3158|PAPEL TOALHA STYLUS 50 FOLHAS - PACOTE 2 UNID|6|Un|21,3|0|0|060|5405|5405000|0|0|0|0|0|0||||0|0|0|01|21,3|1,65|||0,35|01|21,3|7,6|||1,62|265|
|C100|1|0||55|02|0|6553|43230109624855000168550000000065531917448696|||||||||||||||||||||
|C100|1|0|431|55|00|0|6559|43230109624855000168550000000065591469653465|05012023|05012023|28,9|0|0|0|28,9|0|0|0|0|0|0|0|0|0|0,48|2,2|0|0|
|C110|9|Pedido(s):35278;Vendedor:VENDAS;SAPUCAIA DO SUL - RS;|
|C170|1|2800|SACOLA REC. AMARELA 30X45 NINUS C/ 1,8KG|1|CX|28,9|0|0|090|5910|5910000|0|0|0|0|0|0||||0|0|0|01|28,9|1,65|||0,48|01|28,9|7,6|||2,2|342|
|C100|1|0||55|02|0|6552|43230109624855000168550000000065521127192170|||||||||||||||||||||
|C100|1|0|1578|55|00|0|6568|43230109624855000168550000000065681150980995|06012023|06012023|339,72|1|0|0|339,72|0|0|0|0|339,72|47,6|0|0|0|5,6|25,83|0|0|
|C110|42|Pedido(s):35228;Vendedor:VENDAS;SAPUCAIA DO SUL - RS;Aplicado " Diferimento parcial de 29,41176% do valor da operacao conformeLivroIII,TituloI, CapituloI, Secao II,Art.1oKdo RICMS.;VALOR APROXIMADO TRIBUTOS R$ 4,29 (1,26%) Fonte: IBPT;|
|C170|1|3462|EMBALAGEM ECO. RETANG. ARTIC. V10 VIERPACK|100|Un|25|0|0|051|5102|5102000|25|17|3|0|0|0||||0|0|0|01|25|1,65|||0,41|01|25|7,6|||1,9|265|
|C170|2|2666|POTE REDONDO C/TP ART. P640 150ML SOBREMESA PPLAST|100|Un|20|0|0|051|5102|5102000|20|17|2,4|0|0|0||||0|0|0|01|20|1,65|||0,33|01|20|7,6|||1,52|265|
|C170|3|2648|COPO TERMICO 180ML BRANCO C/25 NACIONAL DART|2|Un|11,98|0|0|051|5102|5102000|11,98|17|1,44|0|0|0||||0|0|0|01|11,98|1,65|||0,2|01|11,98|7,6|||0,91|265|
|C170|4|2667|EMBALAGEM PLASTICA P65|6|Un|14,94|0|0|051|5102|5102000|14,94|17|1,79|0|0|0||||0|0|0|01|14,94|1,65|||0,25|01|14,94|7,6|||1,14|265|
|C170|5|2304|AGUA SANITARIA ACTUALY 5L|6|Un|51|0|0|051|5102|5102000|51|17|6,12|0|0|0||||0|0|0|01|51|1,65|||0,84|01|51|7,6|||3,88|265|
|C170|6|2785|SACOLA REC. 38X48 BEGE - MB C/700|1|FD|49,9|0|0|000|5102|5102000|49,9|17|8,48|0|0|0||||0|0|0|01|49,9|1,65|||0,82|01|49,9|7,6|||3,79|265|
|C170|7|3468|SACOLA REEXT. 47X57 4,0KG VERDE MULTICOLOR LIPLAST|1|pct|53,9|0|0|000|5102|5102000|53,9|17|9,16|0|0|0||||0|0|0|01|53,9|1,65|||0,89|01|53,9|7,6|||4,1|265|
|C170|8|2144|BOBINA PLASTICA 1KG MB 17X31CM|2|Un|33|0|0|000|5102|5102000|33|17|5,61|0|0|0||||0|0|0|01|33|1,65|||0,54|01|33|7,6|||2,51|265|
|C170|9|2579|BANDEJA EPS MOD. FR01 TAM. 15X15X1,5CM|200|Un|22|0|0|051|5102|5102000|22|17|2,64|0|0|0||||0|0|0|01|22|1,65|||0,36|01|22|7,6|||1,67|265|
|C170|10|3444|BANDEJA EPS MOD. FR02 ABSORV. AMARELA TAM. 21,5X14X2CM|200|Un|58|0|0|051|5102|5102000|58|17|6,96|0|0|0||||0|0|0|01|58|1,65|||0,96|01|58|7,6|||4,41|265|
|C100|1|0||55|02|0|6551|43230109624855000168550000000065511551901762|||||||||||||||||||||
|C100|1|0|431|55|00|0|6558|43230109624855000168550000000065581318337702|05012023|05012023|712,4|1|0|0|712,4|0|0|0|0|712,4|121,11|0|0|0|11,73|54,14|0|0|
|C110|17|Pedido(s):35276;Vendedor:VENDAS;SAPUCAIA DO SUL - RS;|
|C170|1|2807|SACOLA VIP 38X48 BRANCA CX C/1000 - PLAMER|1|CX|63,9|0|0|000|5102|5102000|63,9|17|10,86|0|0|0||||0|0|0|01|63,9|1,65|||1,05|01|63,9|7,6|||4,86|265|
|C170|2|2134|BOBINA PLASTICA 10KG MB 35X49CM|2|Un|87,8|0|0|000|5102|5102000|87,8|17|14,93|0|0|0||||0|0|0|01|87,8|1,65|||1,45|01|87,8|7,6|||6,67|265|
|C170|3|2154|BOBINA PLASTICA 3KG MB 23,5X35CM|3|Un|65,7|0|0|000|5102|5102000|65,7|17|11,17|0|0|0||||0|0|0|01|65,7|1,65|||1,08|01|65,7|7,6|||4,99|265|
|C170|4|2163|BOBINA PLASTICA 5KG MB 28X41CM|2|Un|67,8|0|0|000|5102|5102000|67,8|17|11,53|0|0|0||||0|0|0|01|67,8|1,65|||1,12|01|67,8|7,6|||5,15|265|
|C170|5|2144|BOBINA PLASTICA 1KG MB 17X31CM|2|Un|33|0|0|000|5102|5102000|33|17|5,61|0|0|0||||0|0|0|01|33|1,65|||0,54|01|33|7,6|||2,51|265|
|C170|6|2185|CAPA DE FARDO 50X80X0,07 - ROLEPLAST|100|Un|82|0|0|000|5102|5102000|82|17|13,94|0|0|0||||0|0|0|01|82|1,65|||1,35|01|82|7,6|||6,23|265|
|C170|7|2803|SACOLA REC. AMARELA 40X50 NINUS C/2,5 KG|4|FD|151,6|0|0|000|5102|5102000|151,6|17|25,77|0|0|0||||0|0|0|01|151,6|1,65|||2,5|01|151,6|7,6|||11,52|265|
|C170|8|2800|SACOLA REC. AMARELA 30X45 NINUS C/ 1,8KG|2|CX|57,8|0|0|000|5102|5102000|57,8|17|9,83|0|0|0||||0|0|0|01|57,8|1,65|||0,95|01|57,8|7,6|||4,39|265|
|C170|9|2805|SACOLA VIP 30X40 BRANCA CX COM 1.000 UN PLAMER|1|CX|38,9|0|0|000|5102|5102000|38,9|17|6,61|0|0|0||||0|0|0|01|38,9|1,65|||0,64|01|38,9|7,6|||2,96|265|
|C170|10|2807|SACOLA VIP 38X48 BRANCA CX C/1000 - PLAMER|1|CX|63,9|0|0|000|5102|5102000|63,9|17|10,86|0|0|0||||0|0|0|01|63,9|1,65|||1,05|01|63,9|7,6|||4,86|265|
|C100|1|0||55|02|0|6550|43230109624855000168550000000065501999380029|||||||||||||||||||||
|C100|1|0|5078|55|00|0|6564|43230109624855000168550000000065641176648948|06012023|06012023|226,8|1|0|0|226,8|0|0|0|0|144,79|17,37|0|0|0|3,74|17,23|0|0|
|C110|41|Pedido(s):35303;Vendedor:VENDAS;SAPUCAIA DO SUL - RS;Aplicado " Diferimento parcial de 29,41176% do valor da operacao conformeLivroIII,TituloI, CapituloI, Secao II,Art.1oKdo RICMS.;RICMS/RS - LIVRO I, ARTIGO 23, INCISO LX, ALINEA "B"; LIVRO I, ARTIGO 27,|
|C170|1|2445|FILTRO P/ BOMBA CHIMARRAO C/20|2|CT|30|0|0|051|5102|5102000|30|17|3,6|0|0|0||||0|0|0|01|30|1,65|||0,5|01|30|7,6|||2,28|265|
|C170|2|2506|ERVA MATE LAGO VERDE COMPOSTA MENTA 500G|10|Un|69,9|0|0|020|5102|5102000|40,77|12|4,89|0|0|0||||0|0|0|01|69,9|1,65|||1,15|01|69,9|7,6|||5,31|265|
|C170|3|2505|ERVA MATE LAGO VERDE COMPOSTA 500GR|10|Un|69,9|0|0|020|5102|5102000|40,77|12|4,89|0|0|0||||0|0|0|01|69,9|1,65|||1,15|01|69,9|7,6|||5,31|265|
|C170|4|2508|ERVA MATE LAGO VERDE NATIVA 500GR|10|Un|57|0|0|020|5102|5102000|33,25|12|3,99|0|0|0||||0|0|0|01|57|1,65|||0,94|01|57|7,6|||4,33|265|
|C100|1|0|7578|55|00|0|6549|43230109624855000168550000000065491821935925|04012023|04012023|139,8|1|0|0|139,8|0|0|0|0|81,54|9,78|0|0|0|2,3|10,62|0|0|
|C110|27|Pedido(s):35261;Vendedor:VENDAS;SAPUCAIA DO SUL - RS;RICMS/RS - LIVRO I, ARTIGO 23, INCISO LX, ALINEA "B"; LIVRO I, ARTIGO 27, INCISO V E APENDICE I, SECAO II. ;|
|C170|1|2506|ERVA MATE LAGO VERDE COMPOSTA MENTA 500G|10|Un|69,9|0|0|020|5102|5102000|40,77|12|4,89|0|0|0||||0|0|0|01|69,9|1,65|||1,15|01|69,9|7,6|||5,31|265|
|C170|2|2505|ERVA MATE LAGO VERDE COMPOSTA 500GR|10|Un|69,9|0|0|020|5102|5102000|40,77|12|4,89|0|0|0||||0|0|0|01|69,9|1,65|||1,15|01|69,9|7,6|||5,31|265|
|C100|1|0|431|55|00|0|6557|43230109624855000168550000000065571709606216|05012023|05012023|586,93|1|0|0|586,93|0|0|0|0|478,35|57,4|0|0|0|7,89|36,33|0|0|
|C110|14|Pedido(s):35276;Vendedor:VENDAS;SAPUCAIA DO SUL - RS;L.III,ART.1-K.DIF. PARCIAL NAO ESPECIFICADO;Aplicado " Diferimento parcial de 29,41176% do valor da operacao conformeLivroIII,TituloI, CapituloI, Secao II,Art.1oKdo RICMS.;RICMS/RS - LIVRO I, ARTIGO 23,|
|C170|1|2508|ERVA MATE LAGO VERDE NATIVA 500GR|10|Un|57|0|0|020|5102|5102000|33,25|12|3,99|0|0|0||||0|0|0|01|57|1,65|||0,94|01|57|7,6|||4,33|265|
|C170|2|2506|ERVA MATE LAGO VERDE COMPOSTA MENTA 500G|6|Un|42,6|0|0|020|5102|5102000|24,85|12|2,98|0|0|0||||0|0|0|01|42,6|1,65|||0,7|01|42,6|7,6|||3,24|265|
|C170|3|2505|ERVA MATE LAGO VERDE COMPOSTA 500GR|10|Un|71|0|0|020|5102|5102000|41,42|12|4,97|0|0|0||||0|0|0|01|71|1,65|||1,17|01|71|7,6|||5,4|265|
|C170|4|2448|COADOR DE PANO PARA CAFE|12|Un|17,88|0|0|051|5102|5102000|17,88|17|2,15|0|0|0||||0|0|0|01|17,88|1,65|||0,3|01|17,88|7,6|||1,36|265|
|C170|5|2515|ERVA MATE LAGO VERDE SOLTA C/10KG|1|FD|90|0|0|020|5102|5102000|52,5|12|6,3|0|0|0||||0|0|0|01|90|1,65|||1,49|01|90|7,6|||6,84|265|
|C170|6|2373|INSETIC ESPIRAL ALLADIN C/ 10|12|Un|34,2|0|0|051|5102|5102000|34,2|17|4,1|0|0|0||||0|0|0|06|0|0|||0|06|0|0|||0|265|
|C170|7|2557|FERMENTO MONOPOL 50X11GR|1|CX|32,5|0|0|051|5102|5102000|32,5|17|3,9|0|0|0||||0|0|0|01|32,5|1,65|||0,54|01|32,5|7,6|||2,47|265|
|C170|8|2023|BATATA PALHA 70GR SANTA JUSTINA|40|Un|114|0|0|051|5102|5102000|114|17|13,68|0|0|0||||0|0|0|01|114|1,65|||1,88|01|114|7,6|||8,66|265|
|C170|9|3424|QUEIJO RALADO TUPY 40GR|25|Un|74,75|0|0|051|5102|5102000|74,75|17|8,97|0|0|0||||0|0|0|06|0|0|||0|06|0|0|||0|265|
|C170|10|2709|TORRAO IDEAL POTE C/22 (PACOCA AMENDOIM)|2|Un|53|0|0|051|5102|5102000|53|17|6,36|0|0|0||||0|0|0|01|53|1,65|||0,87|01|53|7,6|||4,03|265|
|C100|1|0|13583|55|00|0|6548|43230109624855000168550000000065481232238327|04012023|04012023|255,3|1|0|0|255,3|0|0|0|0|255,3|30,64|0|0|0|4,21|19,4|0|0|
|C110|34|Pedido(s):35212;Vendedor:VENDAS;SAPUCAIA DO SUL - RS;L.III,ART.1-K.DIF. PARCIAL NAO ESPECIFICADO;|
|C170|1|3215|LUVA VINIFLEX VABENE G C/ 100UN|10|Un|167,5|0|0|051|5102|5102000|167,5|17|20,1|0|0|0||||0|0|0|01|167,5|1,65|||2,76|01|167,5|7,6|||12,73|265|
|C170|2|2904|LUVA VINIL VABENE C/PO G C/100UN|2|Un|87,8|0|0|051|5102|5102000|87,8|17|10,54|0|0|0||||0|0|0|01|87,8|1,65|||1,45|01|87,8|7,6|||6,67|265|
|C100|1|0|13583|55|00|0|6547|43230109624855000168550000000065471944477114|04012023|04012023|429,35|1|0|0|429,35|0|0|0|0|355,35|43,07|0|0|0|8,6|39,57|0|0|
|C110|32|Pedido(s):35212;Vendedor:VENDAS;SAPUCAIA DO SUL - RS;Aplicado " Diferimento parcial de 29,41176% do valor da operacao conformeLivroIII,TituloI, CapituloI, Secao II,Art.1oKdo RICMS.;RICMS/RS - LIVRO I, ARTIGO 23, INCISO LX, ALINEA "B"; LIVRO I, ARTIGO 27,|
|C170|1|2508|ERVA MATE LAGO VERDE NATIVA 500GR|6|Un|34,2|0|0|020|5102|5102000|19,95|12|2,39|0|0|0||||0|0|0|01|34,2|1,65|||0,56|01|34,2|7,6|||2,6|265|
|C170|2|3321|SAL DIANA REFINADO 1 KG|10|Un|21|0|0|020|5102|5102000|8,65|17|1,47|0|0|0||||0|0|0|01|21|1,65|||0,35|01|21|7,6|||1,6|265|
|C170|3|3390|SARDINHA C/OLEO DE SOJA PALMEIRA 125G|12|Un|55,08|0|0|051|5102|5102000|55,08|17|6,61|0|0|0||||0|0|0|01|55,08|1,65|||0,91|01|55,08|7,6|||4,19|265|
|C170|4|2990|VINAGRE DE ALCOOL WINNA 750ML TRADICIONAL|12|Un|25,2|0|0|051|5102|5102000|25,2|17|3,02|0|0|0||||0|0|0|01|25,2|1,65|||0,42|01|25,2|7,6|||1,92|265|
|C170|5|2011|ALCOOL 1 LITRO 70 % FLOPS|12|Un|71,88|0|0|051|5102|5102000|71,88|17|8,63|0|0|0||||0|0|0|02|71,88|3,75|||2,7|02|71,88|17,25|||12,4|265|
|C170|6|3177|SACO DE LIXO 100LT LIX FLEX C/5 UNID ALMOFADA|25|Un|67,25|0|0|051|5102|5102000|67,25|17|8,07|0|0|0||||0|0|0|01|67,25|1,65|||1,11|01|67,25|7,6|||5,11|265|
|C170|7|3180|COPO DESCARTAVEL 200ML BRANCO C/100 ABNT IBRAS|6|Un|32,94|0|0|051|5102|5102000|32,94|17|3,95|0|0|0||||0|0|0|01|32,94|1,65|||0,54|01|32,94|7,6|||2,5|265|
|C170|8|2709|TORRAO IDEAL POTE C/22 (PACOCA AMENDOIM)|1|Un|26,5|0|0|051|5102|5102000|26,5|17|3,18|0|0|0||||0|0|0|01|26,5|1,65|||0,44|01|26,5|7,6|||2,01|265|
|C170|9|2561|FERMENTO TOK 60X10GR|1|CX|47,9|0|0|051|5102|5102000|47,9|17|5,75|0|0|0||||0|0|0|01|47,9|1,65|||0,79|01|47,9|7,6|||3,64|265|
|C170|10|2810|SALSICHA VIENA ODERICH 180GR|12|Un|47,4|0|0|060|5405|5405000|0|0|0|0|0|0||||0|0|0|01|47,4|1,65|||0,78|01|47,4|7,6|||3,6|265|
|C100|1|0|4986|55|00|0|6546|43230109624855000168550000000065461575235061|04012023|04012023|257,75|1|0|0|257,75|0|0|0|0|228,46|27,42|0|0|0|3,02|13,9|0|0|
|C110|3|Pedido(s):35200;Vendedor:VENDAS;SAPUCAIA DO SUL - RS;L.III,ART.1-K.DIF. PARCIAL NAO ESPECIFICADO;Aplicado " Diferimento parcial de 29,41176% do valor da operacao conformeLivroIII,TituloI, CapituloI, Secao II,Art.1oKdo RICMS.;RICMS/RS - LIVRO I, ARTIGO 23,|
|C170|1|2509|ERVA MATE LAGO VERDE SOLTA C/5KG|1|FD|47,5|0|0|020|5102|5102000|27,71|12|3,32|0|0|0||||0|0|0|01|47,5|1,65|||0,78|01|47,5|7,6|||3,61|265|
|C170|2|2508|ERVA MATE LAGO VERDE NATIVA 500GR|4|Un|22,8|0|0|020|5102|5102000|13,3|12|1,6|0|0|0||||0|0|0|01|22,8|1,65|||0,38|01|22,8|7,6|||1,73|265|
|C170|3|2560|FERMENTO TOK 30X10GR|1|CX|24,9|0|0|051|5102|5102000|24,9|17|2,99|0|0|0||||0|0|0|01|24,9|1,65|||0,41|01|24,9|7,6|||1,89|265|
|C170|4|3424|QUEIJO RALADO TUPY 40GR|25|Un|74,75|0|0|051|5102|5102000|74,75|17|8,97|0|0|0||||0|0|0|06|0|0|||0|06|0|0|||0|265|
|C170|5|2304|AGUA SANITARIA ACTUALY 5L|10|Un|87,8|0|0|051|5102|5102000|87,8|17|10,54|0|0|0||||0|0|0|01|87,8|1,65|||1,45|01|87,8|7,6|||6,67|265|
|C100|1|0|2413|55|00|0|6556|43230109624855000168550000000065561414224781|05012023|05012023|405,28|1|0|0|405,28|0|0|0|0|172,99|20,76|0|0|0|6,7|30,8|0|0|
|C110|31|Pedido(s):35248;Vendedor:VENDAS;SAPUCAIA DO SUL - RS;Aplicado " Diferimento parcial de 29,41176% do valor da operacao conformeLivroIII,TituloI, CapituloI, Secao II,Art.1oKdo RICMS.;RICMS/RS - LIVRO I, ARTIGO 23, INCISO LX, ALINEA "B"; LIVRO I, ARTIGO 27,|
|C170|1|2041|COCKTAIL VODKA KISLLA BIG APPLE VD 890ML|6|Un|80,94|0|0|060|5405|5405000|0|0|0|0|0|0||||0|0|0|01|80,94|1,65|||1,34|01|80,94|7,6|||6,15|265|
|C170|2|2045|COCKTAIL VODKA KISLLA VD 890ML|6|Un|80,94|0|0|060|5405|5405000|0|0|0|0|0|0||||0|0|0|01|80,94|1,65|||1,34|01|80,94|7,6|||6,15|265|
|C170|3|2709|TORRAO IDEAL POTE C/22 (PACOCA AMENDOIM)|1|Un|26,5|0|0|051|5102|5102000|26,5|17|3,18|0|0|0||||0|0|0|01|26,5|1,65|||0,44|01|26,5|7,6|||2,01|265|
|C170|4|2561|FERMENTO TOK 60X10GR|1|CX|47,9|0|0|051|5102|5102000|47,9|17|5,75|0|0|0||||0|0|0|01|47,9|1,65|||0,79|01|47,9|7,6|||3,64|265|
|C170|5|2505|ERVA MATE LAGO VERDE COMPOSTA 500GR|10|Un|71|0|0|020|5102|5102000|41,42|12|4,97|0|0|0||||0|0|0|01|71|1,65|||1,17|01|71|7,6|||5,4|265|
|C170|6|2515|ERVA MATE LAGO VERDE SOLTA C/10KG|1|FD|98|0|0|020|5102|5102000|57,17|12|6,86|0|0|0||||0|0|0|01|98|1,65|||1,62|01|98|7,6|||7,45|265|
|C990|1451|
|D001|1|
|D990|2|
|F001|0|
|F010|09624855000168|
|F150|18|301542,2|133004,53|168537,67|14044,81|50|0,65|91,29|50|3|421,34||265|
|F990|4|
|I001|1|
|I990|2|
|M001|0|
|M100|101|0|89576,11|1,65|0||1478,01|0|0|0|1478,01|1|1282,05|195,96|
|M105|01|50|89576,11|0|89576,11|89576,11||0||
|M100|104|0|14044,8|0,65|0||91,29|0|0|0|91,29|1|0|91,29|
|M105|18|50|14044,81||14044,81|14044,81||0||
|M200|1282,05|1282,05|0|0|0|0|0|0|0|0|0|0|
|M210|01|74695,97|74695,97|0|0|74695,97|1,65|0||1232,48|0|0|0|0|1232,48|
|M210|02|1321,89|1321,89|0|0|1321,89|3,75|0||49,57|0|0|0|0|49,57|
|M400|06|1673,17|265||
|M410|999|1673,17|265||
|M500|101|0|89576,11|7,6|0||6807,78|0|0|0|6807,78|1|5904,92|902,86|
|M505|01|50|89576,11|0|89576,11|89576,11||0||
|M500|104|0|14044,8|3|0||421,34|0|0|0|421,34|1|0|421,34|
|M505|18|50|14044,81||14044,81|14044,81||0||
|M600|5904,92|5904,92|0|0|0|0|0|0|0|0|0|0|
|M610|01|74695,97|74695,97|0|0|74695,97|7,6|0||5676,89|0|0|0|0|5676,89|
|M610|02|1321,89|1321,89|0|0|1321,89|17,25|0||228,03|0|0|0|0|228,03|
|M800|06|1673,17|265||
|M810|999|1673,17|265||
|M990|20|
|P001|1|
|P990|2|
|1001|0|
|1100|012023|01||101|1478,01|0|1478,01|0|0|0|1478,01|1282,05|0|0|0|0|195,96|
|1100|012023|01||104|91,29|0|91,29|0|0|0|91,29|0|0|0|0|0|91,29|
|1500|012023|01||101|6807,78|0|6807,78|0|0|0|6807,78|5904,92|0|0|0|0|902,86|
|1500|012023|01||104|421,34|0|421,34|0|0|0|421,34|0|0|0|0|0|421,34|
|1990|6|
|9001|0|
|9900|0000|1|
|9900|0001|1|
|9900|0100|1|
|9900|0110|1|
|9900|0140|1|
|9900|0150|77|
|9900|0190|14|
|9900|0200|455|
|9900|0400|9|
|9900|0450|159|
|9900|0500|4|
|9900|0990|1|
|9900|A001|1|
|9900|A990|1|
|9900|C001|1|
|9900|C010|1|
|9900|C100|172|
|9900|C110|163|
|9900|C170|1113|
|9900|C990|1|
|9900|D001|1|
|9900|D990|1|
|9900|F001|1|
|9900|F010|1|
|9900|F150|1|
|9900|F990|1|
|9900|I001|1|
|9900|I990|1|
|9900|M001|1|
|9900|M100|2|
|9900|M105|2|
|9900|M200|1|
|9900|M210|2|
|9900|M400|1|
|9900|M410|1|
|9900|M500|2|
|9900|M505|2|
|9900|M600|1|
|9900|M610|2|
|9900|M800|1|
|9900|M810|1|
|9900|M990|1|
|9900|P001|1|
|9900|P990|1|
|9900|1001|1|
|9900|1100|2|
|9900|1500|2|
|9900|1990|1|
|9900|9001|1|
|9900|9990|1|
|9900|9999|1|
|9900|9900|52|
|9990|55|
|9999|2268|
