|0000|006|0|||01032020|31032020|MERCADO POSTRINGER E POSTRINGER LTDA  ME|00916352000191|RS|4307708||00|2|
|0001|0|
|0100|FELIPE PADOIN LENA|00275082008|079785||93230526|Balduino Menezes Dos Santos|145||Ipiranga|5134503492|5134503492|felipe@lecont.com.br|4320008|
|0110|1|1|1||
|C001|0|
|C010|00916352000191|2|
|C100|1|0||65|00|103|152225|43200300916352000191651030001522251881572288|08032020|08032020|32,42|0|0|0|32,42|9|0|0|0|0|0|0|0|0|0,02|0,11|0|0|
|C110|5787|Trib aprox R$: 1,99 Federal e 4,10 Estadual Fonte: IBPT 5oi7eW|
|C175|5102|1,39|0|01|1,39|1,65|||0,02|01|1,39|7,6|||0,11|03.1.1.01.003||
|C175|5405|31,03|0|06|0|0|||0|06|0|0|||0|03.1.1.01.003||
|C100|1|0||65|00|103|152224|43200300916352000191651030001522241881572272|08032020|08032020|7,39|0|0|0|7,39|9|0|0|0|0|0|0|0|0|0|0|0|0|
|C110|5954|Trib aprox R$: 0,56 Federal e 0,65 Estadual Fonte: IBPT 5oi7eW|
|C175|5102|7,39|0|06|0|0|||0|06|0|0|||0|03.1.1.01.003||
|C990|102671|
|9900|0200|3603|
|9990|56|
|9999|114913|
